4059 6184
31 4920 33 5047 l

31 5692 33 5767 l

32 5798 33 5845 l

226 303 275 360 sni
897 296 1210 359 seniciusmmi.
1801 250 1852 312 ⁵⁹²

229 413 357 489 Etportm
377 416 456 489 inferi
478 430 530 469 uon
551 386 723 484 proeiuteiunt
745 411 852 482 (diutili.
874 428 930 480 xii,
947 412 1010 482 i8t:
1028 433 1052 478 g
1066 400 1154 469 soloin
1181 404 1345 464 conscientia
1367 402 1547 475 supplaudat,
1575 414 1635 456 cum
1658 412 1752 455 eorum
1779 397 1856 469 queis

213 506 340 577 'ejusque
352 511 462 577 peceuta
476 501 671 570 intelliguntur.
691 501 730 559 De
743 512 831 558 vestra
848 503 911 573 quid
921 503 1018 558 exitia·
1067 507 1166 573 praeest
1179 499 1214 571 (si
1228 498 1273 569 qui
1295 504 1406 568 propter
1426 494 1483 563 ejus
1497 490 1655 561 imperitiam
1668 487 1711 543 uel
1725 486 1855 544 desidiam

227 595 274 651 bili
288 602 419 649 structura
429 591 635 663 pronuntiaturi
654 590 782 646 Venerunt
794 592 913 662 pumina,
928 600 952 646 et
965 592 1019 661 pn·
1067 607 1115 648 seu
1130 590 1312 646 adulationem
1323 584 1462 658 perierint)
1478 589 1504 639 iu
1518 584 1562 638 dic
1573 581 1666 652 judicii
1685 579 1719 636 de
1736 578 1856 650 ejusdem

228 692 318 740 ierunt
329 684 407 747 uenti,
432 691 457 735 et
472 682 631 752 impeperunt
644 682 672 735 in
684 680 788 735 domum
806 681 889 745 illum,
908 689 936 739 ,et
951 682 1018 736 ceci·
1067 680 1201 745 manibus,
1224 677 1307 732 veluti
1329 674 1526 735 duodecimis,
1551 671 1648 733 auimae
1669 671 1858 755 exquirantun

229 770 266 826 itit
278 788 287 827 .·
300 780 325 826 et
339 772 387 842 fuit
408 769 484 824 minu
498 769 553 839 ejus
567 784 662 839 mnqnii
672 767 784 836 'illuttii
802 785 849 837 iii,
864 768 920 839 at).
938 767 1019 824 Petro
1067 771 1136 840 Quia
1158 785 1208 825 nec
1220 768 1323 824 dulcior
1344 780 1491 836 morsque
1506 763 1616 819 inicitur
1629 778 1644 817 a
1658 763 1730 819 bouo
1748 776 1857 832 quoque

228 862 340 932 ejusque
358 859 557 916 successoribus
577 857 640 912 dicit
662 857 810 912 Dominus:
828 857 862 912 Et
884 857 935 911 tibi
953 855 1019 911 liuto
1069 864 1187 928 homine,
1203 875 1283 931 quam
1305 859 1388 914 malo.
1405 856 1529 928 Alioquin
1544 871 1597 910 nou
1611 854 1724 909 dixisset
1741 854 1857 926 Aposto-

228 953 311 1007 etiiim
326 952 398 1025 requi
421 952 541 1004 coelorum
552 947 669 1020 fillnttii.
684 963 740 1016 xvi,
756 947 800 1021 ta)
814 965 821 1002 :
837 947 920 1003 Vobis
933 961 1017 1001 veto:
1067 952 1120 1018 lus,
1131 951 1205 1007 velut
1217 958 1359 1021 paternum
1373 947 1488 1016 legatum
1501 944 1555 999 suis
1566 943 1766 999 successoribus
1777 942 1856 998 dere·

230 1041 293 1097 Non
316 1040 374 1095 ’wli
396 1055 440 1094 ιθ*
455 1053 464 1092 ·’
480 1037 602 1092 dimdt'it
624 1052 652 1091 θ’
663 1052 713 1102 me,
738 1037 852 1108 vgtrart'i
875 1036 1019 1107 iniquitatis
1061 1042 1209 1112 linquens:
1221 1037 1334 1092 llundus
1347 1052 1461 1108 eqosum
1475 1034 1506 1087 ab
1521 1032 1633 1088 omnium
1648 1041 1781 1104 sanquine,
1794 1030 1857 1095 lion

229 1130 337 1205 (nuit.
352 1144 399 1192 vn,
415 1126 468 1194 23;
493 1125 557 1180 luc.
572 1141 628 1195 rui,
642 1125 705 1195 27);
732 1133 761 1181 ut
779 1124 896 1196 separati
906 1124 1020 1179 sinistrae
1069 1127 1288 1199 eiiimsuliterpuqi
1306 1127 1442 1195 quominus
1453 1123 1633 1178 annuntiarem
1644 1123 1859 1191 iobisomnemp

229 1220 315 1293 partis
329 1235 389 1276 euru
408 1217 505 1285 budis,
521 1218 628 1274 eatislu
643 1218 732 1287 ignem
745 1225 885 1272 aeternum.
900 1213 1021 1283 itemque
1068 1220 1173 1274 surium
1190 1218 1237 1272 liei
1252 1217 1320 1287 (Act.
1334 1231 1380 1284 xx,
1392 1213 1437 1277 26,
1453 1212 1510 1283 tl).
1534 1211 1616 1267 llulto
1634 1227 1749 1281 namque
1763 1228 1812 1267 usu
1825 1228 1859 1268 ac

231 1312 305 1368 omni
326 1318 419 1366 saneto
442 1309 576 1365 sacerdoti
597 1307 764 1380 promittitur
785 1323 791 1360 :
810 1303 845 1358 Et
867 1320 1022 1377 quocunque
1069 1307 1219 1376 frequentia
1232 1304 1244 1343 b
1256 1311 1428 1375 peccatorum
1449 1298 1586 1369 inebriati,
1598 1310 1626 1356 et
1641 1301 1806 1358 incessanter
1819 1304 1857 1356 ir-

231 1399 540 1472 mlserissiiperterrum,
551 1407 626 1453 erunt
637 1396 722 1453 solutu
735 1404 761 1450 et
773 1396 801 1449 in
815 1394 885 1450 cetis
896 1411 905 1448 .·
916 1403 941 1449 et
955 1410 1022 1467 qiioe·
1070 1397 1209 1451 ruentibus
1224 1395 1299 1449 uobis
1320 1394 1451 1448 scelerum
1467 1393 1663 1449 cumulaturum
1684 1407 1717 1448 ac
1735 1394 1758 1449 si
1779 1395 1859 1452 undis

217 1506 331 1563 cunque
344 1489 462 1562 iiquueiis
476 1505 553 1560 super
564 1497 669 1553 terrum
694 1493 769 1557 erunt
781 1487 863 1557 liquis
877 1492 901 1539 et
914 1485 941 1539 in
952 1484 1021 1539 coelis
1070 1487 1200 1559 quassati,
1226 1500 1307 1541 unam
1330 1484 1412 1540 veluti
1432 1492 1493 1555 pust
1515 1482 1683 1555 naufragium
1701 1485 1739 1557 (in
1758 1501 1813 1562 qua
1823 1487 1859 1542 ad

232 1578 339 1653 (Mutii.
355 1595 408 1647 xii,
426 1578 482 1651 19).
499 1578 553 1635 Sed
571 1577 708 1649 quomodo
721 1592 770 1632 iios
789 1575 889 1646 aliquid
912 1575 1022 1632 solvetis
1069 1582 1192 1637 uiuorum
1213 1587 1312 1633 terram
1326 1575 1457 1646 evadatis)
1478 1576 1644 1647 poeniteutiae
1667 1576 1784 1633 tabulam
1801 1586 1859 1633 toto

214 1676 262 1724 'ut
275 1669 311 1723 sit
325 1668 442 1724 solutum
457 1674 484 1723 et
498 1668 525 1723 in
539 1667 625 1735 ciniis,
650 1667 749 1723 asuelo
763 1666 798 1723 ob
812 1667 914 1723 scelera
929 1666 1023 1722 adem·
1071 1668 1153 1723 animi
1177 1667 1237 1722 nisu
1262 1664 1403 1737 exquirite,
1425 1674 1455 1720 ut
1473 1672 1611 1721 avertatur
1632 1664 1708 1720 iuror
1724 1665 1827 1720 Domini
1842 1681 1859 1720 a

215 1759 279 1829 pti,
303 1765 332 1813 et
345 1758 688 1830 immaniumpeccatorum
703 1757 810 1814 lusibus
823 1759 977 1829 compediti,
992 1764 1022 1813 ut
1037 1760 1149 1829 ssvobis
1162 1755 1371 1814 misericorditer
1389 1755 1521 1810 dicentis:
1535 1752 1561 1809 N
1563 1754 1604 1809 oto
1621 1765 1728 1809 mortem
1741 1764 1864 1826 peccato·

214 1849 359 1905 ‘Salomon
373 1850 532 1920 quoqueait
552 1868 559 1904 r
579 1849 716 1906 Citiiisulii
734 1858 897 1921 peccatorum
917 1867 1021 1906 suorum
1071 1855 1118 1919 ris,
1142 1851 1187 1907 sed
1210 1858 1238 1905 ut
1259 1860 1422 1906 conueniatur
1440 1860 1464 1904 et
1483 1851 1549 1903 iiiut
1569 1847 1675 1919 (Esecb.
1690 1862 1783 1913 xxiiii,
1801 1846 1858 1918 ll).

232 1941 404 2011 ununquemque
417 1941 604 2012 constrinqilur
617 1939 707 2012 (Pron.
722 1957 750 2010 v,
769 1940 834 2013 atii
850 1940 962 2012 Quaque
975 1957 1021 1997 ia·
1071 1940 1131 2016 lpse
1148 1943 1318 2012 omnipotens
1336 1939 1406 1995 oeus
1426 1942 1501 1995 totius
1520 1939 1705 1995 consolationis
1722 1948 1745 1994 et
1758 1941 1860 1994 iniseri-

215 2029 306 2085 2tione
321 2029 421 2099 aliquid
434 2032 463 2086 in
478 2038 549 2086 terra
570 2031 685 2100 ligabitis
698 2031 771 2101 quod
792 2046 870 2103 supra
894 2031 1022 2087 mundum
1052 2034 1056 2043 ’
1072 2034 1168 2089 cordio
1181 2030 1224 2105 (ll
1234 2030 1295 2088 Cor.
1305 2048 1326 2100 i,
1338 2031 1366 2104 3)
1380 2030 1555 2102 paucissimos
1568 2030 1653 2085 bonos
1666 2038 1787 2100 pastores
1797 2046 1860 2085 con·

232 2120 312 2174 etiam
326 2119 423 2189 ligetur
433 2129 543 2191 propter
554 2130 567 2158 ι·
579 2121 767 2192 vosmetipsos,
777 2121 822 2191 qui
833 2122 870 2176 ita
885 2120 958 2193 ligati
972 2121 1023 2177 iui-
1072 2132 1163 2181 servet
1177 2124 1210 2179 ab
1224 2124 1298 2179 omui
1312 2122 1393 2189 malo,
1415 2131 1443 2178 et
1462 2121 1611 2192 municipes
1632 2120 1722 2188 iaciat,
1746 2122 1860 2178 subacto

218 2209 378 2280 quitatibus
392 2210 419 2265 iu
434 2209 603 2267 boemundo
623 2210 767 2274 tenemini,⁴¹
785 2219 815 2267 ut
837 2211 864 2267 in
885 2210 960 2267 ciniis
975 2222 1024 2268 ne·
1073 2213 1208 2269 cummuni
1229 2213 1321 2279 hoste,
1345 2211 1461 2268 civitatis
1478 2209 1625 2267 Jerusalem
1648 2210 1783 2278 coelestis,
1807 2211 1861 2267 buc

218 2310 367 2368 ‘quaquam
380 2301 540 2366 ascendatis,
551 2301 601 2357 sed
609 2301 636 2357 iu
648 2302 761 2357 inlausta
771 2300 865 2356 tartari
877 2300 1023 2369 ergastula,
1057 2302 1059 2305 ’
1073 2311 1116 2359 est
1136 2313 1289 2360 sauctorum
1304 2303 1423 2359 omnium
1438 2301 1663 2372 congregationis,
1682 2300 1762 2357 Pater
1774 2308 1803 2357 et
1815 2300 1837 2356 F
1838 2303 1861 2357 i·

218 2404 288 2445 “uuo
302 2393 423 2447 conversi
449 2392 475 2447 in
501 2391 552 2448 liac
574 2393 630 2449 uita
654 2394 687 2449 ad
708 2394 861 2462 Dominum,
873 2392 1023 2449 decidatisl
1073 2392 1125 2450 lius
1136 2401 1164 2450 et
1178 2392 1293 2466 Spiritus
1312 2402 1422 2449 sanctus
1435 2411 1441 2447 :
1454 2393 1498 2448 cui
1518 2391 1554 2448 sit
1575 2391 1663 2447 bonor
1681 2399 1709 2447 et
1728 2391 1811 2463 gloria
1831 2391 1861 2448 in

218 2475 290 2535 «usu
302 2479 354 2535 sibi
374 2480 519 2550 quisquam
543 2481 712 2541 sacerdotum
734 2482 769 2539 'de
792 2482 913 2554 corporis
930 2480 1024 2538 mundi
1054 2475 1353 2542 ”monumentorum
1369 2483 1466 2539 Amen.

270 2608 332 2664 ¹lta
344 2618 426 2692 rectu,
437 2613 592 2693 utuidetur,
602 2612 671 2671 bibl.
683 2612 735 2668 PP.
747 2612 831 2670 Paris.
842 2613 1021 2696 Nequeeuim
1103 2613 1124 2696 ᾗ
1138 2612 1188 2669 llic
1201 2614 1296 2671 iterum
1310 2616 1446 2685 sequimur
1458 2615 1526 2672 lllbi.
1537 2613 1591 2670 PP.
1605 2613 1703 2684 Paris..
1711 2612 1811 2685 reiecta
1820 2614 1862 2672 le-

234 2677 324 2749 placet
336 2680 417 2735 lectio
431 2680 496 2736 edu.
511 2680 609 2749 Oxou,
623 2699 700 2754 supra
718 2682 822 2738 modum
834 2692 913 2738 etium
926 2682 1021 2756 iiqetur
1073 2692 1165 2741 ctione
1177 2681 1278 2754 Oscis,
1288 2683 1447 2758 llultumque
1459 2702 1520 2740 num
1533 2702 1592 2740 usu.

220 2756 328 2820 ‘pristes
341 2751 514 2820 nosmetipsos.

258 2852 1861 2915 Q

851 3018 936 3064 auito
957 3016 1073 3061 Mulli!
1095 3016 1251 3060 titt-bu.

485 3173 1106 3389 eusicius
1157 3172 1485 3387 uuna
1529 3182 1609 3387 1.

805 3584 942 3643 nummu
957 3585 1003 3658 (ex
1018 3585 1098 3644 Libro
1116 3586 1286 3662 Pontilicali).

270 3739 394 3811 Pelagius
408 3748 421 3779 ⁸
435 3739 545 3795 natione
561 3737 707 3804 Romanos,
722 3752 757 3795 ex
772 3746 851 3809 patre
861 3738 965 3795 lnaune
979 3739 1021 3797 m·
1038 3744 1061 3808 c
1077 3758 1141 3800 uere
1154 3744 1203 3816 (u).
1219 3743 1254 3800 Et
1275 3745 1418 3805 multitudo
1436 3749 1631 3822 religiosorum,
1653 3758 1813 3829 sapientium
1833 3773 1866 3820 et

234 3833 355 3901 milano,
377 3830 447 3887 sedit
457 3830 691 3896 annosundecim,
703 3833 712 3864 ¹
728 3844 833 3886 meuses
846 3829 951 3900 decem,
964 3832 1024 3889 dies
1076 3836 1215 3904 nobilium,
1229 3839 1411 3895 subduxerant
1424 3858 1453 3898 se
1464 3859 1479 3898 a
1489 3846 1676 3906 communione
1689 3850 1756 3921 ejus,
1770 3853 1867 3910 dicen.

234 3921 386 3978 octodecim
398 3920 422 3976 i.
447 3921 480 3976 Et
494 3921 556 3976 dum
570 3934 625 3976 non
649 3929 740 3977 essem
761 3923 881 3994 episcopi
894 3924 945 3995 (pii
961 3941 1022 3981 eum
1063 3932 1064 3935 ’
1078 3936 1130 3995 tes,
1144 3929 1207 3999 quia
1228 3931 1255 3985 in
1269 3940 1356 3987 morte
1368 3932 1456 4003 Vigilii
1466 3950 1543 4007 papae
1552 3952 1582 3993 se
1595 3938 1746 4009 immiscuit,
1761 3951 1791 3999 ut
1802 3953 1867 4000 tari-

231 4012 390 4068 ·ordinarent
404 4052 413 4079 ,
434 4012 535 4067 inventi
553 4019 616 4067 sunt
635 4010 689 4068 duo
716 4012 845 4084 episcopi,
860 4011 976 4071 loannes
989 4016 1024 4072 de
1078 4020 1113 4074 tis
1127 4020 1213 4090 poeuis
1226 4018 1397 4089 affligeretur.
1413 4022 1514 4079 Eodem
1528 4034 1649 4097 ternpore
1661 4026 1758 4086 Naiscs
1771 4042 1799 4087 et
1812 4032 1867 4090 Pe·

234 4099 357 4167 Petusio,
377 4110 405 4157 et
419 4102 509 4157 Boium
522 4101 556 4156 de
569 4099 723 4168 Ferentino,
743 4111 771 4158 et
783 4102 902 4162 Andreas
913 4102 1024 4178 presby·
1076 4100 1161 4176 ia'gius
1174 4123 1253 4178 papa,
1268 4109 1381 4165 consilio
1392 4109 1466 4177 inito,
1482 4111 1543 4169 data
1557 4115 1649 4171 litania
1662 4132 1679 4174 a
1691 4130 1783 4175 sanctu
1794 4120 1868 4178 Pan·

225 4200 277 4247 ¹ter
287 4191 323 4248 du
336 4190 425 4256 (istiu
447 4199 475 4247 et
488 4191 679 4247 ordinaverunt
693 4208 754 4248 euin
767 4194 932 4265 pontificem.
947 4195 1023 4254 Tunc
1072 4196 1163 4253 'oratio
1184 4196 1221 4269 (t)
1236 4214 1297 4253 curu
1312 4199 1417 4273 byninis
1431 4213 1459 4258 et
1469 4205 1579 4261 canticis
1591 4207 1763 4278 spiritalibus,
1779 4228 1866 4270 reue·

225 4282 306 4338 ‘euim
320 4292 374 4337 non
388 4291 466 4338 erant
484 4282 511 4337 io
532 4281 614 4349 clero,
628 4281 675 4352 qui
695 4296 756 4338 eum
779 4289 889 4359 possent
907 4298 1021 4357 promo·
1074 4295 1138 4344 runt
1160 4288 1195 4345 ad
1215 4280 1338 4346 sanetum
1351 4290 1458 4348 Petrum
1480 4295 1639 4365 apostolum.
1664 4298 1715 4367 Qui
1739 4302 1867 4373 Pelagius

268 4468 284 4499 ⁸
299 4457 377 4514 duno
398 4455 496 4512 curten
517 4454 695 4535 redemptoris
714 4451 777 4524 55³,
802 4454 849 4527 qui
868 4462 909 4511 est
920 4454 1020 4525 vigesi·
1034 4459 1057 4518 b
1070 4466 1157 4530 gentes
1168 4460 1222 4514 imo
1244 4461 1335 4530 nilus,
1351 4473 1377 4517 et
1390 4480 1458 4518 nuuc
1472 4482 1502 4520 us
1521 4482 1551 4521 ue
1565 4469 1686 4526 bacurius
1698 4490 1714 4527 u
1728 4473 1801 4529 notis
1814 4494 1861 4533 oe·

227 4545 296 4613 ‘im
319 4542 405 4608 nouus
420 4525 532 4606 imperii
544 4524 708 4606 iustiniani,
732 4524 853 4608 ejusdem
875 4524 1020 4581 iustiniani
1068 4538 1206 4584 inuritur.
1222 4478 1446 4589 ffauceeclesiam
1461 4532 1583 4605 Pelagius
1602 4540 1722 4611 ineoepit,
1742 4541 1866 4603 loannes

235 4602 643 4733 ¹¹¹¹b‘ili'bt0dlidtili
656 4594 1021 4737 intitubabili?
1070 4601 1495 4726 ltiliitubltlldt
1515 4616 1596 4677 ²“'¹¹⁶
1609 4611 1686 4691 “il‘'
1700 4613 1864 4673 ⁸²''⁶‘⁰'¹¹'¹¹

228 4679 338 4818 &iiiam
348 4732 569 4817 eqtbuilcastidei,
582 4704 1022 4816 seligimmiulamcbaleedoneu·
1070 4684 1241 4803 suscipiens
1269 4738 1382 4796 Baronio
1405 4687 1865 4813 aqqqqqqusrqqqqffieqqqtqffiqqq

234 4823 272 4864 sis
281 4804 390 4861 conoibt
397 4803 562 4885 evitandam,
573 4813 696 4884 quintam
709 4803 840 4884 synodum
846 4802 1019 4886 approbarit.
1067 4803 1214 4863 *basilicas
1229 4806 1327 4865 Manlio
1340 4810 1452 4866 collecta
1466 4813 1585 4869 babent:

230 4869 1021 5012 iustitiilludunturilliniunt:
1141 4899 1360 4972 &⁶th
1374 4905 1508 4973 “titt
1521 4923 1591 4977 uva
1604 4907 1730 4966 tum

234 5023 278 5070 tos
313 5011 487 5094 uitasseteni
501 5010 751 5093 compelli'curarit.
944 5079 950 5092 Ι
1104 4989 1174 5134 {2
1184 4989 1284 5135 ⁸3¹¹?
1404 5082 1454 5136 ‘a‘
1554 5088 1562 5101 ὑ
1755 5091 1762 5103 ·
1839 5093 1847 5107 ι

232 5079 1020 5231 adsimulabitstultitiamne
1071 5157 1135 5231 ,is
1144 5093 1258 5207 idid
1269 5087 1717 5224 insubstantialis
1718 5104 1865 5232 idid

233 5234 287 5347 qqe
301 5219 701 5301 liumaoouimperio'subacti
723 5218 847 5288 leguntur
865 5219 935 5290 apud
990 5234 1021 5274 a·
1072 5220 1174 5300 sedisse
1185 5236 1272 5276 annos
1284 5230 1399 5301 quatuor
1411 5237 1516 5307 menses
1529 5225 1621 5281 decem
1639 5239 1667 5284 et
1679 5230 1736 5285 dies
1749 5232 1867 5289 ocmde-

267 5306 329 5346 iam.
353 5288 504 5372 lladriauus
526 5302 595 5359 papa
615 5303 641 5342 in
655 5287 813 5371 epistolaad
824 5286 949 5369 Caspium
990 5302 1020 5343 a·
1072 5303 1136 5344 cim.
1150 5288 1188 5343 lta
1204 5289 1334 5344 baronius
1347 5305 1418 5345 auno
1432 5290 1493 5355 509,
1510 5310 1584 5349 num.
1601 5294 1625 5349 l.
1642 5296 1705 5353 Ssv.
1722 5294 1821 5356 Bisios.

234 5373 317 5428 mum
330 5359 365 5415 de
377 5359 545 5428 imaginibus,
565 5358 602 5413 de
616 5356 723 5427 Pelagio
736 5359 794 5413 lime
805 5356 900 5414 senum
914 5374 921 5411 a
935 5354 1020 5412 liutto
1107 5358 1146 5430 (u)
1156 5358 1222 5413 Cud.
1237 5359 1315 5425 bue,
1336 5360 1379 5428 qui
1393 5368 1514 5429 poterunt
1532 5369 1685 5434 momorum.
1697 5368 1866 5427 floiiusterici

234 5430 347 5500 emplius
358 5445 416 5483 uero
428 5428 485 5499 ejus
497 5427 653 5483 emoniensi
668 5443 825 5482 sucussores
844 5426 954 5481 dumnm
966 5425 1020 5491 Pe,-
1071 5428 1241 5482 simulitum
1254 5429 1443 5499 retiqiosunim.

235 5499 357 5570 inqiuset
370 5498 478 5552 domnus
498 5496 624 5563 loannes,
646 5498 722 5552 nuru
793 5492 917 5550 nitudinii
939 5497 1020 5575 eccle·
1109 5495 1231 5567 (itidem
1244 5497 1317 5564 cod,
1332 5496 1507 5555 adsumtum
1522 5500 1701 5562 Panormitam.
1747 5558 1751 5562 .

235 5569 302 5627 iiam
311 5564 491 5638 Apostolorum
502 5583 519 5620 u
529 5567 583 5622 solo
593 5566 760 5638 edificantes,
789 5566 894 5619 isterius
906 5565 1020 5620 diuersus

236 5638 434 5694 tuminmusiuu
447 5650 523 5703 qusm
534 5638 647 5693 iniuriis
660 5636 787 5692 colonius
801 5650 862 5690 siim
873 5636 1024 5706 sucrirpin·
1110 5636 1119 5667 ¹
1135 5633 1186 5689 dlii
1198 5649 1283 5690 annos
1296 5635 1340 5698 ld,
1355 5652 1460 5695 menses
1475 5638 1525 5707 ld,
1540 5641 1597 5699 dies
1612 5642 1664 5713 ts,
1680 5645 1724 5702 alii
1743 5652 1870 5709 subusti

268 5714 512 5770 'ammanitem
1075 5704 1216 5761 unumst
1230 5707 1358 5761 tribuunt.
