4059 6184
115 270 161 331 itt

787 260 1053 321 nnotnodnnnn.

1691 269 1744 322 tit

113 382 147 443 1,
160 390 189 435 ttt
200 378 310 436 simcias
320 377 408 443 cretis,
421 385 451 432 ιιι
465 377 593 449 quidquid
611 384 653 434 cst
664 375 780 433 alienum
795 384 898 431 erecto
915 380 935 435 d
950 372 1072 443 defensor
1083 374 1227 435 imatinnot,
1243 375 1321 431 donet
1327 377 1423 445 ,quieta
1439 384 1562 448 tempora,
1585 386 1610 432 et
1632 378 1667 432 od
1689 392 1746 434 tau·

115 384 385 512 nilamnionem
401 456 430 501 ιιι
452 448 587 518 ingenium
601 448 702 504 coelesti
717 448 819 501 lumine
839 445 900 499 ille·
951 443 1008 496 dern
1022 444 1063 497 sni
1076 448 1187 499 nearinis
1198 447 1303 511 copiosa
1315 445 1448 516 (ibidem).

114 530 222 576 strannn
235 534 251 574 a
264 532 329 573 scre
344 532 480 586 nunqnam
494 517 629 581 discedam
647 525 675 571 nt
690 518 771 571 talem
785 516 901 585 deinque

112 591 225 661 jndicem
238 605 266 645 se
280 595 399 658 praestet,
413 587 519 656 qualem
534 588 667 644 catboliea
681 587 799 656 postulat
810 584 902 641 Eccle-

114 663 156 717 sn.
170 660 226 715 Sed
239 661 296 714 bec
310 658 406 712 melius
420 658 536 711 describi
552 674 604 711 non
616 666 738 724 possunt,
750 672 830 726 quarn
843 655 902 722 ejus

115 731 197 786 serbis
210 730 255 783 aeri
270 742 397 783 mansuro
410 727 561 782 incidendis
573 726 707 797 (ididem),
723 735 752 780 ut
767 728 829 781 mibi
846 726 902 797 fitia

114 810 190 856 restro
204 798 381 870 intelliqenticc
395 813 485 851 sensas
502 798 613 868 aperiat,
633 809 662 851 nt
681 814 739 881 quc
762 814 819 851 nere
843 804 903 850 erint

114 872 179 925 atilio
193 886 297 939 sequor,
309 884 367 939 quer
376 867 483 921 uitanda
497 869 635 940 rejuqinm.
661 867 741 938 quor
755 868 800 922 ille
822 867 903 921 intio·

116 942 202 995 nabilis
219 939 312 992 crtirntc
326 937 400 991 nobis
414 938 549 991 consilium
565 946 678 1006 praestet,
696 939 776 1009 jacies
790 938 904 991 enitatis

986 513 1092 581 {integra
1107 515 1283 571 describenda
1296 516 1365 570 ieret
1378 518 1502 586 epistola,
1519 519 1541 573 si
1563 519 1659 575 mitem
1683 519 1746 575 inti-

952 598 1011 637 mos
1038 584 1146 652 {rietatis
1170 601 1202 639 ac
1228 586 1380 640 serictitetis
1402 604 1496 643 sensns
1522 595 1627 657 operire
1648 592 1746 661 quibus

952 651 988 706 Μ.
1001 654 1152 708 Cassiodori
1165 656 1271 710 anirms
1286 655 1465 723 allicieltatnr;
1482 659 1528 712 scd
1543 662 1669 727 tqnnrtlutn
1685 677 1745 717 earn

953 738 1002 775 suo
1014 723 1073 777 leco
1089 726 1226 792 perlegere
1235 733 1276 780 cst
1287 726 1430 797 unicnique
1444 729 1575 797 pervimn,
1591 746 1671 785 ιιιιιιιιι
1683 730 1748 787 illud

953 793 1131 861 adjiciendum
1147 807 1220 863 poto,
1238 811 1291 865 qno
1305 799 1432 865 presules
1448 799 1551 853 araride
1567 811 1674 866 menet,
1698 816 1748 872 pa-

954 868 1037 916 tcnnc
1051 863 1189 919 charitatis
1204 866 1301 919 ass'cctn
1323 867 1450 935 populum
1474 870 1513 923 sic
1534 868 1655 937 diligant,
1679 881 1709 927 ιιι
1732 888 1747 927 a

953 935 1028 1001 regni
1043 942 1131 988 tannen
1152 936 1254 1003 legibus
1276 951 1340 989 non
1351 937 1498 1000 discedant,
1513 947 1559 991 ant
1584 941 1747 1011 irninlgentia

954 1003 1063 1058 mollior
1077 1004 1135 1058 aliis
1149 1006 1267 1073 praunat
1278 1007 1448 1061 occasionem
1460 1008 1577 1063 errandi.
1592 1009 1634 1063 lta
1650 1021 1747 1074 tomen,

115 1010 239 1063 albescet:
255 1018 409 1061 trementem
429 1016 545 1061 trostrom
558 1007 684 1061 innubilet
704 1008 754 1061 coli
772 1025 788 1062 e
816 1023 904 1076 corpo·

116 1098 163 1145 neq
179 1094 320 1151 sequamur
332 1078 402 1149 qnod
415 1078 483 1131 intas
496 1086 543 1138 est,
560 1093 592 1130 ne
611 1080 704 1148 jorisa
719 1096 723 1125 ι
736 1025 790 1131 ciis
803 1078 902 1141 simus:

116 1153 219 1203 instruet
253 1148 303 1201 nod
317 1148 349 1200 de
362 1163 422 1200 cero
441 1149 570 1216 snpientia
592 1149 669 1216 sopit.
690 1149 816 1201 illitrninet
835 1147 904 1229 qued

116 1219 202 1274 celesti
224 1166 343 1273 riaritnte
364 1216 534 1285 resplendet:
560 1216 637 1270 talem
664 1219 773 1288 deniqne
789 1219 904 1289 judicem

115 1291 231 1356 rescipiet
245 1287 362 1359 publicus
377 1297 459 1352 actus,
475 1286 577 1358 qualern
589 1288 672 1358 jilinm
685 1289 905 1343 cetbolicamittet

116 1358 237 1413 Ecclesia.

144 1427 173 1482 Et
186 1427 252 1499 qnia
266 1441 296 1483 se
310 1442 362 1481 nou
374 1432 479 1480 ιιιιιιιιιι
494 1427 590 1482 summi
601 1427 737 1497 pontificis
751 1428 845 1497 lilium,
856 1429 904 1484 sed
955 1424 1018 1490 erit,
1033 1432 1062 1475 ιιι
1079 1425 1206 1499 arbitror,
1222 1427 1289 1479 adeo
1312 1442 1436 1482 ritorosns
1453 1443 1561 1489 censor,
1575 1430 1620 1499 qni
1644 1428 1751 1487 Cassio·

116 1499 187 1553 etiam
204 1496 365 1566 discipulum
379 1495 531 1566 proibetur,
546 1506 623 1564 ragat
638 1498 690 1553 boc
705 1500 824 1564 nornine,
840 1508 869 1554 nt
882 1500 904 1554 si
956 1493 1015 1547 dori
1031 1492 1178 1548 officiosam
1195 1493 1273 1549 bdetn
1289 1496 1314 1550 in
1330 1497 1459 1567 obsequio
1482 1500 1609 1569 principis
1630 1502 1750 1571 corrupti

115 1568 169 1639 qnid
190 1569 220 1622 in
238 1567 364 1622 obeundo
378 1581 492 1621 munere
513 1568 674 1637 peccaverit,
699 1568 905 1625 admoneatnra
957 1563 1091 1645 eldrianii
1106 1565 1283 1619 damnandam
1298 1574 1383 1635 putet,
1398 1584 1458 1623 curn
1472 1569 1608 1636 religionis
1624 1579 1670 1625 ant
1683 1587 1749 1625 con·

116 1640 248 1707 registro,
259 1645 289 1692 ot
299 1637 379 1693 citios
389 1636 474 1705 possit
485 1636 639 1692 emendare.
651 1637 759 1692 Certum
772 1639 822 1693 sibi
835 1655 904 1706 esse,
956 1641 1076 1688 Stttttttae
1104 1636 1299 1703 integritatem,
1326 1639 1445 1705 duanliu
1470 1639 1508 1694 illi
1536 1640 1605 1695 lidus
1628 1641 1750 1709 adhesit,

116 1710 155 1773 sit,
169 1724 186 1763 a
202 1716 279 1763 recto
292 1708 418 1762 aberrare
430 1722 484 1761 ιιοιι
498 1722 585 1776 posse,
601 1709 624 1761 si
637 1708 723 1777 ipsum
740 1709 837 1764 babeat
847 1724 905 1765 ema
958 1718 1089 1772 nusquam
1104 1705 1202 1761 laesisse
1216 1722 1244 1759 re
1264 1708 1367 1761 ertator

117 1780 180 1833 mom
200 1793 311 1833 suarum
326 1779 463 1833 actionum
485 1777 656 1833 nrorritorem.
671 1777 777 1833 lianete
795 1797 835 1834 me
848 1754 945 1853 qtroeB
983 1773 1232 1847 §xliiii-itiitere
1252 1776 1753 1852 cSenmerirescripseritnrmmnspon·

116 1858 168 1902 ssat
178 1848 305 1919 qerenda,
321 1846 386 1901 bene
398 1863 475 1914 aqere
492 1848 533 1901 rel
554 1864 627 1902 corre
645 1857 685 1901 tns
706 1858 801 1918 exapta
817 1866 827 1903 .·
844 1852 906 1921 qnia
959 1845 976 1898 ti
989 1861 1032 1897 ec.
1057 1843 1129 1910 Qtras
1140 1854 1167 1900 et
1180 1861 1301 1900 summus
1315 1848 1445 1916 pontifex,
1466 1860 1494 1903 et
1508 1851 1627 1921 episcopi
1648 1852 1752 1909 litteras

116 1928 177 1971 errat
190 1917 387 1988 dijjicilinsort's
400 1932 458 1989 qne
470 1867 686 1977 eoresdestdirar
706 1919 796 1973 andire
817 1929 907 1990 pesto-
957 1914 1119 1969 cassiodoro
1137 1917 1333 1988 rescripserint,
1355 1933 1408 1972 ¹10¹!
1426 1922 1554 1974 occurrit.
1572 1920 1628 1986 ¹¹³³,
1650 1923 1674 1976 ti
1691 1939 1752 1992 qtae

117 1989 161 2053 ris,·
174 2005 223 2042 ner
237 1988 315 2058 {aab
327 1988 437 2057 efficiam
453 1987 568 2053 vitiosas,
587 1989 629 2041 cni
643 1989 791 2044 admonitor
808 1992 906 2045 irratam
957 1985 1108 2051 snnt,baud
1119 1984 1298 2055 dnbinnrquin
1310 1987 1427 2057 inipsins
1437 1988 1531 2043 laudes
1541 1991 1645 2059 longios
1655 2006 1753 2048 excur-

117 2060 241 2113 essidusrs.
255 2057 320 2113 Sum
333 2058 435 2139 quidem
442 2057 525 2127 jeder
538 2058 684 2126 puletinns;
701 2060 746 2113 red
758 2069 839 2115 certer
851 2078 904 2116 aon
958 2063 1027 2108 rant.
1044 2053 1143 2109 lterum
1159 2066 1248 2111 tamen
1260 2058 1293 2110 ad
1304 2056 1435 2113 ioannem
1449 2057 1470 2111 ll
1483 2058 1582 2114 direxit
1596 2061 1709 2131 litteras,
1721 2070 1752 2118 nt

116 2130 227 2182 deiram
241 2143 298 2181 csse
317 2128 468 2196 disciputus.
493 2128 647 2196 Additqne:
670 2128 741 2182 Turre
762 2131 813 2184 ista
829 2141 905 2197 pocta
958 2138 1021 2178 eum
1035 2123 1068 2178 ad
1081 2125 1208 2194 mysteria
1221 2127 1362 2181 catholice
1374 2128 1511 2196 religionis
1525 2131 1649 2186 omnibns
1664 2133 1752 2203 expli-

117 2201 231 2268 gainas.
248 2200 272 2252 si
288 2213 304 2251 a
324 2197 415 2252 restris
432 2196 528 2269 requlis
547 2198 652 2252 minime
666 2199 826 2254 discedemus
839 2201 906 2272 (itt.
959 2196 1045 2248 canda
1059 2193 1206 2249 induceret.
1224 2194 1252 2249 id
1268 2198 1402 2265 conjicere
1417 2197 1479 2253 licet
1492 2213 1525 2252 ex
1539 2215 1571 2253 ea
1590 2216 1649 2271 quie
1663 2209 1752 2256 exstat

116 2268 187 2336 den).
206 2268 329 2336 Derriqne
342 2267 483 2321 minaciter
500 2267 619 2335 quidem,
645 2269 692 2322 sed
716 2279 840 2338 pergrate
859 2288 905 2326 nr·
958 2264 1030 2331 aprrd
1052 2263 1196 2318 Baroniom
1212 2266 1273 2329 (Aa.
1294 2266 1355 2321 t'br.
1371 2266 1435 2339 554)
1458 2267 1570 2324 loannis
1595 2286 1669 2340 papae
1691 2273 1751 2342 epi-

117 2347 163 2405 gct,
177 2346 211 2393 ιιι
224 2338 354 2408 precibus
368 2336 426 2405 ejus
448 2345 475 2393 et
488 2337 609 2391 consiliis
633 2338 786 2407 adjuretur,
801 2356 861 2411 qnae
884 2340 907 2396 si
958 2341 985 2387 st
995 2334 1032 2387 da
1042 2333 1215 2398 Cassiodoro,
1231 2344 1259 2391 ct
1275 2337 1410 2392 nonnullis
1425 2339 1595 2394 senatoribus
1615 2340 1752 2397 suadenti»

117 2409 206 2463 deesse
227 2407 356 2473 sertserit,
381 2407 567 2476 imputandum
592 2407 630 2462 illi
657 2408 715 2463 inre
737 2411 866 2481 qnidqnid
880 2412 908 2466 io
958 2404 1009 2485 bns
1029 2404 1239 2486 rogantibusque
1261 2408 1372 2476 scripta,
1397 2424 1449 2479 qna
1474 2407 1553 2464 tidem
1572 2410 1752 2466 orthodoxam

164 2477 270 2534 tectura
285 2493 301 2531 a
316 2486 391 2532 recto
405 2476 500 2532 iecerit
509 2477 635 2532 alienum.
649 2478 703 2533 Sed
715 2496 772 2533 cnm
786 2498 851 2535 moa
864 2499 908 2537 aa.
959 2488 1031 2528 circa
1045 2476 1242 2530 sanctissimam
1256 2474 1414 2532 Trinitatem
1426 2478 1511 2533 insius
1523 2481 1643 2548 exponit.

134 2551 150 2601 's
158 2549 305 2602 desiderem
315 2556 340 2601 et
352 2549 452 2602 moneri
466 2547 591 2613 conditis,
606 2558 631 2601 et
649 2549 768 2619 adjurari
782 2551 909 2607 orationi·
995 2542 1130 2616 iiim·
1144 2543 1250 2600 Littera?
1260 2543 1408 2603 Cassiodott‘
1420 2549 1455 2601 dd
1465 2558 1592 2610 senatum,
1604 2551 1708 2622 ejusque
1718 2550 1753 2605 dd

117 2616 166 2687 iss,
175 2619 238 2690 jem
252 2618 323 2673 robis
334 2618 517 2687 applicandum
533 2628 581 2684 est,
597 2619 697 2688 siquid
718 2620 745 2673 in
769 2637 810 2674 mc
831 2624 909 2693 [narn
959 2623 1067 2668 ceteros
1083 2618 1250 2685 maqs'strutns
1266 2618 1360 2671 edicta.
1384 2617 1540 2690 Priusquam
1561 2619 1594 2674 ad
1621 2620 1754 2675 ioannem

116 2689 185 2742 nter
198 2704 278 2759 pam
290 2689 570 2758 nrotanrnremnm
587 2687 721 2761 (testea).
744 2689 808 2746 nee
828 2692 907 2747 sibia
959 2698 1055 2753 papan
1079 2692 1107 2738 rt
1127 2685 1269 2757 episcopas
1290 2687 1430 2753 sorberet,
1447 2689 1480 2762 ti,
1496 2690 1613 2744 sedant·
1627 2691 1699 2745 nisti
1719 2691 1755 2746 ao

116 2772 216 2814 nmmo
227 2756 359 2829 pontilice
372 2757 434 2812 ideo
446 2757 539 2813 deberi
555 2759 669 2824 asserit,
693 2761 764 2829 qnod
787 2761 812 2815 io
834 2761 906 2817 Petri
959 2762 1081 2809 senatum
1104 2754 1207 2810 litteras
1234 2758 1302 2825 grati
1325 2758 1407 2813 anirni
1431 2759 1627 2827 signitteanane
1648 2760 1752 2831 plenas,

116 2829 240 2884 amadeo
255 2827 838 2898 sadeagcojnsadmiratnssplendoremeq
875 2848 908 2887 0.
959 2825 1194 2893 quodapatribos
1205 2826 1300 2881 inisset
1311 2826 1338 2881 in
1353 2830 1479 2899 practorio
1490 2830 1642 2900 praetectum
1658 2840 1752 2901 postn-

116 2905 251 2967 testatem,
298 2899 371 2953 nanti
399 2913 460 2952 enm
487 2896 582 2953 iecerit
606 2898 648 2952 bis
667 2899 756 2954 verbis
778 2848 910 2970 sigalion
960 2893 1031 2948 latus
1046 2911 1052 2945 :
1069 2895 1262 2950 beneticiorum
1278 2906 1333 2953 ιιιιιι
1349 2900 1465 2954 niarimc
1478 2915 1508 2954 se
1522 2915 1668 2955 memorem
1681 2917 1752 2970 pre-

115 2964 258 3038 jltitemjz
276 2914 358 3024 ieta
368 2967 416 3021 itte
429 2978 481 3022 tato
496 2968 558 3022 orbe
568 2968 695 3023 mirabitis
705 2973 825 3041 proprias
840 2982 909 3045 tepet
960 2964 1028 3045 bens
1038 2965 1109 3046 titud
1124 2968 1231 3035 eosqui
1246 2966 1280 3023 de
1302 2970 1360 3036 ipso
1375 2969 1444 3024 bene
1464 2980 1628 3025 nteruerant.
1652 2970 1706 3025 Sed
1726 2979 1754 3025 et

117 3039 252 3107 apocopae
265 3039 387 3102 canoros,
403 3053 460 3110 qao
471 3038 531 3093 ticos
544 3038 672 3110 qaaorolis
686 3040 781 3095 manda
791 3044 826 3095 ,rr
838 3059 905 3113 proe.
957 3035 1068 3103 Justibae
1097 3037 1309 3091 cruentissimum
1333 3052 1362 3093 se
1386 3039 1482 3108 prebat
1505 3040 1603 3095 litteris
1617 3041 1753 3109 sigillatim

117 3111 182 3173 stite,
196 3110 358 3165 coiisetiam
374 3109 538 3179 cognescitur
551 3109 670 3163 localiter
685 3110 819 3165 attributo.
844 3113 908 3168 inde
960 3104 1067 3173 scribtis
1083 3103 1163 3185 (Vtr-
1179 3106 1224 3160 iii·
1250 3124 1278 3169 n,
1294 3124 1335 3178 ep·
1354 3106 1378 3175 ti
1391 3109 1424 3162 td
1447 3109 1645 3180 provinciarum
1668 3113 1754 3179 magi·

115 3193 172 3233 corn
192 3179 255 3234 orbi
277 3177 432 3233 Christiano
452 3194 567 3248 proeesse
581 3179 646 3233 dicit
661 3177 783 3252 (ibidem)
797 3181 857 3250 jure
881 3191 910 3238 ot
960 3182 1099 3229 stratnset
1108 3176 1228 3243 jndices3
1250 3187 1331 3247 atqne
1351 3180 1440 3234 edicto
1453 3196 1501 3248 per
1515 3182 1666 3250 provincias
1690 3196 1754 3250 pro·

116 3249 277 3304 anctoritate
302 3246 459 3318 pontificia:
479 3248 532 3305 Vos
550 3251 618 3305 enim
637 3250 811 3320 specpquqm
833 3252 911 3307 (ij'.
959 3245 1113 3311 mitigando,
1130 3247 1412 3311 cessetiondntonet,
1429 3260 1458 3303 ut
1476 3250 1510 3305 ad
1533 3259 1634 3305 teclam
1648 3250 1754 3305 virtutis

116 3320 196 3374 stisno
211 3318 311 3391 populo
329 3317 549 3387 praeciderimus
563 3318 652 3374 Patris
666 3321 769 3375 nomine
791 3324 910 3377 maioma
960 3314 1081 3382 regntam
1106 3326 1181 3370 actus
1205 3332 1269 3373 suos
1296 3319 1403 3373 solliciti
1431 3330 1603 3389 contponant.
1631 3321 1754 3387 Studetc,

116 3389 234 3460 mugga,
257 3388 392 3444 segario„
415 3404 477 3460 erqo
500 3387 581 3459 propp,
604 3390 640 3443 ad
669 3400 779 3445 ,iepram
806 3393 911 3462 mpjm
960 3383 1162 3450 rescriberetur
1175 3386 1258 3451 bortis,
1273 3390 1407 3459 transiqite
1419 3391 1629 3456 semperinnaaii
1639 3388 1753 3460 (trem,

117 3460 222 3529 qm,
236 3461 278 3514 aar·
294 3458 416 3513 diviniso,
429 3466 468 3512 aar
485 3461 624 3515 commissa
636 3461 763 3514 custodia,
780 3459 911 3517 christia.
960 3470 1001 3523 ep.
1018 3454 1215 3524 dimidiique,
1230 3472 1264 3511 ne
1278 3458 1350 3512 ducti
1365 3459 1511 3527 cupiditate
1530 3462 1650 3528 pecuniae
1665 3461 1753 3528 iniqna

954 1074 1036 1127 rerba
1059 1072 1213 1129 Cassimlnri
1237 1075 1368 1143 ipsissima
1389 1088 1450 1131 snm
1467 1077 1535 1148 (Lib.
1552 1094 1589 1143 ιιι,
1605 1098 1645 1148 ep.
1659 1082 1698 1151 5),
1717 1099 1750 1138 ne

954 1143 1024 1214 quod
1037 1145 1131 1197 eccidit
1142 1162 1188 1215 per
1199 1147 1306 1199 nimiam
1335 1149 1447 1212 ietntem,
1461 1149 1521 1201 dum
1542 1150 1641 1204 eriserit
1661 1153 1750 1205 sudre-

956 1214 1012 1266 nire
1027 1216 1151 1284 queritis.
1166 1216 1248 1268 lecum
1261 1164 1357 1286 iratius
1371 1221 1511 1287 oritanis,-
1525 1235 1586 1271 nem
1606 1221 1630 1273 st'
1651 1222 1750 1294 aliquid

956 1284 1064 1351 ojjendit
1078 1288 1145 1356 jaste
1156 1285 1312 1351 districtum,
1330 1288 1393 1339 talia
1407 1288 1466 1342 dote
1480 1291 1579 1342 cunctis
1597 1293 1705 1356 protrito,
1721 1301 1750 1345 ut

951 1352 1053 1423 judicia
1067 1355 1173 1409 reddere
1194 1357 1299 1425 possitis
1318 1358 1421 1426 jer-ieta.
1445 1359 1500 1413 Nec
1514 1359 1654 1429 qnisquam
1671 1362 1752 1429 igitur

117 3529 254 3584 ιιιιιιιιιιιιιι
269 3530 411 3600 epistolam
425 3529 466 3584 bis
479 3529 578 3584 clandit
595 3530 684 3584 verbis
701 3529 835 3600 (leidensi,
851 3532 912 3601 qui-

117 3600 163 3653 bes
175 3606 309 3655 aetcrdonr
323 3607 438 3654 testatur
451 3614 583 3655 summam
607 3601 633 3654 in
658 3601 796 3670 apostoles
816 3602 911 3656 obser-

117 3672 245 3734 raedam,
260 3669 326 3724 dum
339 3684 387 3724 eos
401 3668 451 3725 sibi
465 3685 572 3740 semper
586 3678 663 3739 optat
685 3679 834 3735 patronos:
861 3672 911 3726 Te·

118 3754 203 3794 sessus
223 3739 326 3811 aliquid
349 3752 495 3794 sanctorum
523 3739 698 3809 apostolorum
720 3741 852 3811 proprium
855 3781 911 3797 .....

117 3810 181 3863 sitit
188 3826 253 3880 erqo
268 3813 386 3864 dmeatns
398 3808 490 3864 talibus
505 3811 633 3880 petronis,
648 3811 672 3865 si
686 3812 770 3865 oratio
780 3828 832 3866 nort
846 3813 915 3869 desit

119 3881 252 3934 atteritis.
268 3880 398 3935 Attendat
408 3895 490 3947 nunc,
502 3882 628 3945 obsecro,
640 3881 760 3961 quisquis
772 3882 830 3935 lime
841 3881 914 3951 lege-

117 3950 161 4015 rit,
186 3965 222 4003 se
246 3951 290 4004 rel
315 3949 451 4004 leuissima
466 3950 571 4005 uiolatae
595 3949 674 4017 tides,
702 3958 749 4005 abt
777 3952 914 4021 religionis

117 4020 235 4090 suspicio
249 4020 347 4075 cadere
360 4020 447 4090 possit
462 4020 488 4074 in
502 4021 729 4089 sapientissimum
740 4035 830 4075 rernm
845 4024 913 4076 civi·

117 4087 181 4144 buna
195 4089 460 4153 administratorem,
475 4089 761 4161 qnandoquidem'tam
785 4091 915 4146 Christia-

116 4172 158 4214 ιιι
170 4158 283 4232 pietatis
297 4161 402 4229 insigne
414 4175 475 4214 cnm
487 4160 585 4230 Jndicis
597 4159 686 4215 edicio
699 4160 796 4215 mirum
812 4162 838 4216 in
853 4178 913 4218 mo·

116 4228 179 4283 dein
194 4232 222 4283 in
239 4231 246 4282 i
268 4244 278 4256 ·
311 4231 440 4285 enituisse
454 4230 598 4286 cernimus.

115 4298 233 4427 ΑΒ
260 4299 304 4354 ΙΙΙ.
320 4299 456 4364 Quantode
475 4302 510 4354 od
527 4304 659 4373 epitomas
678 4304 835 4375 encyclicam
857 4304 915 4374 cpi-

224 4372 368 4440 scripserit.
391 4370 420 4425 ln
435 4371 558 4426 enindem
581 4374 660 4440 piane
674 4389 782 4429 sensnm
797 4374 916 4444 encycli-

116 4456 176 4496 csm
189 4440 226 4495 ad
240 4442 394 4510 episcopos,
403 4456 479 4565 qnos
494 4441 647 4564 spirituales
669 4445 762 4499 Patres
785 4444 912 4514 appellat,

115 4511 216 4567 direxit
230 4512 371 4580 epistolam
387 4511 397 4582 (
426 4528 466 4566 ar.
482 4512 501 4566 a·
520 4551 527 4565 .
541 4527 578 4575 ιι,
594 4513 682 4585 cpi),
698 4529 750 4585 qna
766 4515 834 4584 petit
851 4527 915 4568 san·

114 4582 267 4637 wopam
282 4588 397 4636 exorent
410 4580 579 4643 Trinitatem,
594 4591 623 4637 ιιι
637 4584 663 4638 in
679 4581 846 4656 praefecturis
859 4596 916 4639 sote

115 4650 354 4706 administratione
364 4650 447 4718 jadex
459 4666 566 4721 semper
576 4652 611 4706 sit
622 4652 728 4709 incurro
748 4662 791 4709 tns
803 4661 831 4709 et
845 4653 916 4709 intc-

114 4723 262 4791 smirnos
281 4718 335 4775 Vos
346 4723 493 4791 spiritualer
505 4732 634 4793 parentes,
652 4726 695 4795 qni
738 4734 852 4779 notarem
875 4740 917 4779 re·

115 4808 176 4845 m
190 4791 341 4845 tttsntema
355 4799 440 4846 mente
457 4794 614 4862 conspicitis,
629 4810 677 4863 pre
690 4810 731 4848 mr
744 4804 842 4849 sancte
854 4793 916 4849 Tri·

116 4862 196 4915 misti
209 4860 301 4916 sericio
312 4863 476 4932 mpptrae:
490 4863 643 4933 dignitatem
653 4866 818 4920 conscientiae
828 4864 914 4931 donet,

114 4932 161 5000 μ’
179 4930 325 4986 mustolia
342 4948 390 4986 con
403 4948 463 4987 erre
481 4933 604 5003 diqnotsts
622 4943 677 4999 cst,·
700 4936 781 5005 jorim
803 4934 916 5005 inajjeic-

114 5000 310 5072 sntjrtdicens,
323 5017 357 5056 rte
473 5013 482 5056 ι
501 5012 641 5058 mortem.
665 5004 821 5074 impetrent,
837 5013 867 5058 nt
890 5003 917 5058 in

111 5068 227 5139 judiciis
240 5071 297 5125 sais
304 5070 468 5140 judicantem
482 5072 567 5128 Βιιιιιι
576 5087 684 5145 semper
697 5075 819 5143 aspiciat,
835 5082 917 5139 amet,

112 5151 144 5195 et
154 5149 300 5209 seqnatm.
316 5141 360 5196 Sit
371 5141 446 5198 neiis
459 5143 631 5213 prosperrime
641 5160 766 5214 presens,
781 5154 809 5197 ut
829 5145 918 5214 inton-

113 5220 158 5264 sts
171 5211 240 5265 side
253 5210 398 5267 reddcstm
410 5211 547 5268 absorta.-
562 5228 676 5268 cmcrem
687 5213 918 5277 sinnaritanus

111 5281 246 5353 peccasti
256 5280 381 5337 amiton
392 5285 528 5338 mnemtss
537 5283 802 5356 emiudattlbidem).
817 5283 918 5339 Deinde

112 5351 305 5421 plenissitnsm
322 5352 431 5421 pietatis
443 5352 564 5423 adjungit
585 5355 753 5423 petitionem,
778 5368 839 5424 qum
860 5354 917 5408 ert-

112 5421 280 5478 dsmtissime
297 5421 466 5478 &monebat
479 5431 579 5492 quanta
590 5423 617 5478 in
632 5424 740 5480 indictis
752 5425 786 5479 ab
796 5423 919 5480 Ecclesia

114 5492 230 5563 pisaits
243 5493 358 5564 aliisque
377 5494 520 5549 severioris
529 5493 698 5616 peanitentiae
710 5495 845 5550 exercitiis
868 5510 918 5563 po·

112 5564 170 5617 sits
184 5562 225 5616 sit
245 5563 298 5632 ipsi
318 5578 381 5633 spes
402 5572 486 5634 atque
503 5564 529 5617 tt.
541 5565 610 5618 ecia.
634 5562 797 5634 Quapropter
824 5566 920 5619 onitate

110 5633 171 5690 tri
180 5641 316 5703 nesta,
327 5633 468 5702 adernam
482 5636 603 5705 petitione
612 5651 655 5690 uas
665 5635 799 5702 deprecer,
810 5644 839 5688 ut
848 5633 919 5688 indi·

109 5708 159 5757 cto
174 5701 283 5772 jejumo
297 5703 410 5760 Densius
428 5706 587 5775 supplicetis,
611 5706 655 5777 qni
675 5706 754 5759 eitam
773 5706 919 5773 principum

108 5781 272 5829 mmmm
288 5773 392 5844 parenti
410 5790 491 5847 reqna
503 5775 651 5848 protendat,
667 5776 752 5831 destas
772 5774 919 5847 reipublice

962 3524 1035 3578 incra
1050 3524 1138 3580 causis
1162 3526 1267 3593 injustis
1288 3535 1431 3595 qnaerrrnt:
1457 3527 1526 3592 Quid
1540 3528 1627 3583 litibus
1646 3531 1755 3583 tronesta

961 3594 1140 3664 conjunditis?
1154 3595 1185 3650 sr·
1197 3598 1311 3668 queritis
1326 3600 1409 3663 luera,
1428 3598 1504 3652 nitate
1524 3602 1607 3669 patius
1628 3602 1755 3654 demirare

962 3665 1046 3736 litiqia
1062 3664 1195 3736 (ibidem).
1210 3666 1313 3721 Cuncta
1327 3684 1355 3722 se
1368 3667 1402 3721 ad
1415 3670 1550 3737 aequitalis
1565 3670 1637 3738 leges
1651 3685 1752 3738 expen-

962 3747 1055 3788 snrnrn
1072 3736 1165 3789 iisdem
1181 3738 1276 3792 litteris
1291 3737 1449 3807 profitetur:
1467 3738 1561 3793 Ouinia
1581 3740 1651 3793 eolis
1669 3740 1753 3811 justa,

963 3806 1051 3858 emnia
1079 3806 1213 3860 eruderato
1237 3810 1393 3878 promittite:
1419 3825 1480 3863 nom
1502 3810 1692 3865 nrtndinatiae
1716 3826 1757 3864 nte

964 3874 1033 3945 jede
1056 3878 1199 3943 rresrirtnr,·
1222 3877 1299 3947 enjus
1323 3879 1478 3948 praeclaram
1503 3881 1588 3934 reddit
1611 3881 1755 3946 rationem,

964 3960 1015 3997 nort
1029 3948 1099 3999 ettint
1110 3962 1166 4000 mee
1177 3946 1251 4002 neria
1265 3964 1336 4003 more
1349 3951 1453 4003 restium
1465 3966 1590 4020 suspenso
1603 3951 1756 4005 penduntur.

964 4013 1069 4069 Nullam
1081 4033 1208 4085 passuros
1223 4018 1313 4072 donini
1326 4020 1451 4088 injuriant
1466 4036 1481 4074 a
1497 4022 1665 4089 praetorianis
1676 4022 1755 4090 poll:-

965 4092 1057 4166 mcor:
1073 4087 1173 4168 etenim
1188 4104 1223 4143 ne
1236 4086 1302 4143 salsa
1315 4088 1396 4144 cilicii
1422 4099 1503 4159 atque
1523 4106 1612 4161 opere
1631 4092 1759 4160 impensa·

966 4169 1058 4219 specie
1069 4172 1208 4226 pccmnam
1223 4158 1322 4227 injuste
1336 4160 1454 4228 exigant,
1475 4176 1491 4214 a
1510 4176 1540 4215 se
1555 4162 1690 4228 provisum
1706 4172 1759 4216 cst.

966 4221 1029 4277 Nan
1045 4242 1088 4280 ros
1110 4230 1244 4299 quisquam
1266 4230 1376 4283 militum
1389 4247 1436 4298 pre
1451 4247 1499 4283 stro
1512 4231 1642 4285 retentare
1660 4247 1756 4285 cencri-

966 4295 1028 4356 liet:
1040 4312 1092 4350 raon
1104 4306 1212 4352 erector
1225 4298 1363 4368 adjectitiis
1376 4301 1492 4371 qrauatit
1511 4300 1696 4363 inccrumodis‚·
1708 4316 1760 4354 non

966 4365 1050 4419 selum
1073 4377 1187 4429 nostros,
1214 4370 1260 4421 sed
1279 4378 1305 4422 et
1329 4370 1405 4438 officii
1434 4368 1555 4424 innoxias
1579 4370 1761 4424 custodierimus

967 4451 1070 4489 manus.
1087 4436 1245 4493 Subditenr
1267 4453 1298 4492 ea
1317 4454 1372 4493 non
1393 4437 1482 4494 serbis
1506 4447 1619 4505 tantum,
1640 4439 1689 4495 sed
1711 4456 1762 4496 sno

931 4499 1139 4575 Dpotissimnrn
1171 4508 1317 4562 irroraverit
1339 4509 1474 4578 exemplo.
1507 4508 1682 4576 Ostendiamr,
1705 4509 1762 4566 Dec

963 4577 1082 4648 jurante,
1105 4578 1301 4643 cotttincrttiam,
1316 4586 1344 4631 ut
1358 4594 1416 4632 eant
1435 4580 1491 4633 sine
1511 4580 1609 4649 pudore
1633 4582 1763 4663 imperare

967 4647 1105 4707 possimus.
1123 4646 1254 4704 Pretereu
1267 4656 1306 4703 tot
1322 4649 1391 4704 rotis
1406 4649 1553 4720 expetitam
1564 4659 1763 4721 promotionem

968 4731 1045 4772 snam
1060 4717 1171 4786 publicae
1182 4717 1241 4773 iore
1255 4718 1449 4774 incrementum
1463 4720 1513 4785 rei,
1526 4736 1581 4775 ιιοιι
1596 4722 1762 4790 privatarum

967 4787 1125 4843 facultatem
1137 4788 1362 4853 imminutionem,
1375 4797 1402 4843 et
1411 4790 1471 4846 sine
1482 4790 1601 4859 pecuniae
1611 4791 1762 4859 largitione,

968 4873 1024 4913 non
1038 4865 1130 4928 empto
1140 4859 1251 4915 alterins
1263 4859 1423 4929 patrocinio,
1435 4876 1489 4915 non
1500 4859 1760 4930 renalieleqnentia,

968 4928 1015 4983 sed
1038 4930 1148 4998 proprio
1162 4929 1259 4999 cuique
1278 4945 1326 4985 ore
1339 4946 1449 4985 cansam
1463 4944 1543 4998 agere
1568 4930 1679 4985 liberum
1704 4930 1763 4985 lore

969 5000 1112 5069 promittit.
1132 4997 1270 5055 Ordinatio
1284 5008 1374 5054 clostra
1392 5001 1530 5055 utilitatem
1552 4999 1681 5069 publicant
1701 5007 1761 5052 tan-

968 5069 1100 5125 tummodo
1113 5072 1242 5142 respiciet,
1258 5086 1311 5124 nort
1326 5072 1397 5141 jorra
1411 5071 1557 5140 privatam.
1577 5077 1764 5123 auctercausre

968 5156 1020 5194 nen
1035 5140 1177 5210 redempta,
1193 5140 1239 5195 sed
1253 5140 1358 5210 propria
1369 5141 1459 5213 lirrqna
1472 5149 1568 5193 utetur.
1583 5136 1668 5193 Nerio
1682 5154 1698 5191 e
1714 5156 1761 5192 rm·

968 5209 1008 5264 tn
1020 5227 1098 5281 quem
1110 5219 1215 5265 irenem
1235 5211 1321 5264 prinus
1341 5209 1494 5281 locupletior
1513 5206 1616 5263 redidit.
1644 5207 1763 5276 licitique

968 5295 1017 5335 cos
1030 5280 1182 5336 obtestatur
1202 5289 1231 5334 nt
1250 5280 1283 5335 ad
1305 5289 1378 5334 reeta
1404 5278 1516 5334 consilia
1542 5277 1765 5348 propositumque

967 5351 1106 5406 servande
1122 5350 1232 5419 justitie
1250 5350 1428 5405 consensione
1449 5348 1599 5403 animorum
1622 5347 1763 5414 accedant,

970 5429 1074 5490 patrem
1090 5431 1119 5474 ιιι
1129 5437 1158 5475 se
1170 5421 1268 5491 potins,
1284 5434 1364 5488 qnam
1382 5418 1499 5486 jndicem
1515 5425 1642 5487 praestet:
1664 5416 1715 5473 Vos
1729 5420 1765 5475 ed

970 5492 1058 5545 omnia
1071 5500 1144 5561 qesta
1157 5497 1238 5544 estate
1248 5490 1342 5557 devoti,
1356 5497 1384 5542 ut
1401 5505 1441 5542 me
1452 5490 1643 5558 prorirtcicrrtm
1662 5497 1765 5558 petrem

971 5562 1075 5632 jaciatis
1085 5576 1141 5615 esse
1153 5577 1230 5630 qnam
1241 5560 1364 5632 jndicem.
1382 5558 1502 5615 Alterum
1528 5559 1563 5614 ad
1579 5558 1686 5629 judices
1699 5575 1766 5629 pro·

970 5631 1099 5687 vinciales
1113 5630 1228 5685 edictum
1243 5630 1364 5701 protulit,
1378 5639 1432 5683 tam
1447 5630 1583 5699 preclaris
1601 5629 1765 5688 illustratum

970 5702 1120 5765 sententiis,
1134 5709 1161 5755 ct
1175 5699 1225 5770 piis
1236 5700 1305 5757 adeo
1319 5701 1486 5756 documentis
1500 5702 1619 5771 pienum,
1643 5706 1672 5753 nt
1700 5699 1767 5758 ittod

971 5772 1005 5828 ab
1016 5770 1141 5829 Ecetosm
1152 5772 1278 5844 praesule,
1289 5787 1342 5831 ιιοιι
1357 5787 1372 5828 a
1387 5771 1478 5843 palatii
1495 5774 1621 5845 praelecto
1636 5768 1769 5831 dictatura
