4059 6184
234 376 285 437 ffl
819 368 855 427 tl.
874 358 1042 424 tumulus
1059 348 1302 417 cissloboltlls.
1819 339 1871 395 tu

235 489 375 572 psaliais
390 491 592 555 successibus
610 486 752 554 eroastt
769 505 778 549 s
793 483 848 548 sed
866 526 876 557 ,
893 491 929 544 at
942 495 1086 544 cresccre
1099 475 1231 539 virtutes
1250 471 1370 546 soleat,
1394 468 1433 532 sil
1448 464 1611 546 fastigium
1627 458 1778 541 praenati
1796 473 1874 572 coss·

154 662 159 667 .
234 598 357 661 resnou
373 598 525 679 gradibus
555 594 746 676 dignitatum
766 591 860 669 (lar.
880 587 934 651 lib.
949 604 975 660 1,
990 583 1080 663 epist.
1099 578 1143 661 l).
1160 577 1202 640 ln
1226 571 1419 638 cassiodoro
1433 572 1623 647 incorrupta
1646 561 1738 645 fides,
1752 576 1874 621 essemus

234 698 314 759 recti
328 697 562 773 tsuacissimus,
579 686 933 776 prudentiarinpuleris
944 685 1094 764 ripuere:
1109 681 1144 742 in
1157 678 1294 742 Tellerio
1312 690 1432 735 summo
1455 670 1519 733 baa
1540 667 1657 731 omnia.
1674 665 1716 727 la
1729 658 1876 724 ambobus

235 798 340 860 uirtus
355 803 388 861 in
403 800 468 864 diss
482 800 689 873 honoratior,
700 800 785 877 sama
797 811 863 856 non
876 788 1108 868 artspuasita,
1122 800 1189 845 non
1202 781 1292 843 uaria
1306 822 1318 854 ,
1343 777 1399 857 sed
1409 789 1528 854 semper
1542 780 1570 833 et
1584 766 1697 847 ubique
1715 761 1776 828 sibi
1794 778 1877 876 cose·

237 906 335 959 stans.
354 899 399 962 Et
412 900 536 981 quidem
553 919 587 961 ea
601 898 747 977 aequitate
761 888 994 958 commissoribi
1007 901 1138 947 munera
1154 881 1249 962 pessit
1263 876 1493 953 Cassiodorus,
1519 880 1554 934 ul
1571 872 1745 949 quisquam
1767 861 1807 924 ds
1823 861 1878 923 ille

238 999 402 1060 contraria
417 1000 687 1060 submurmurare
702 993 874 1062 nescierit,
890 989 945 1051 sed
968 989 1127 1063 derogare
1141 982 1305 1062 cupientes
1320 975 1433 1039 ricerii
1448 968 1616 1050 integritas
1633 964 1770 1031 audonis
1783 962 1878 1040 (Vas.

149 1124 155 1135 ·
242 1097 298 1160 lib.
315 1117 362 1174 rx,
387 1101 478 1180 epist.
497 1100 562 1179 ii).
578 1098 664 1161 idem
678 1113 750 1159 sero
763 1094 800 1156 de
816 1091 951 1156 Tellerio
964 1089 1085 1152 dictum
1096 1090 1198 1160 pulo„
1216 1082 1268 1144 cui
1290 1095 1452 1159 nunquam
1468 1074 1591 1136 dentem
1602 1070 1731 1149 irripere
1744 1085 1821 1127 ausc
1835 1072 1880 1125 est

240 1201 361 1265 inuidia
377 1203 470 1264 eliam
488 1202 658 1264 morosior.
675 1200 767 1262 lilius
783 1198 893 1261 laboro
907 1195 1015 1255 actum
1026 1197 1094 1263 est,
1111 1190 1306 1251 contestante
1321 1179 1509 1245 immarus
1523 1218 1533 1249 ,
1548 1191 1589 1237 no
1605 1173 1768 1235 laboraret
1779 1169 1883 1247 isupe-

241 1303 346 1375 rium3
367 1310 397 1363 et
414 1319 488 1362 aum
503 1299 628 1362 narbas
642 1297 734 1378 rapui
745 1295 845 1358 multe
856 1295 1003 1375 posceret
1016 1272 1179 1365 ordlusrl,
1194 1289 1281 1348 esset
1292 1281 1381 1344 solas
1394 1278 1434 1343 sd
1450 1277 1576 1339 diuersa
1590 1271 1776 1344 sufficiens,
1793 1269 1884 1331 buuc

240 1407 372 1470 dictatio
387 1406 527 1486 publice,
544 1405 630 1466 bunc
641 1401 778 1466 coasilia
793 1399 878 1479 regis
890 1398 1061 1478 moereat
1072 1388 1181 1473 (ibid,
1198 1387 1290 1469 epist.
1301 1384 1366 1463 25).
1386 1382 1449 1444 Hie
1462 1387 1589 1460 apertus
1603 1382 1680 1440 esset
1693 1370 1884 1486 deOTellsrio

241 1504 365 1570 dicendi
379 1505 479 1580 locus,
493 1505 522 1566 si
539 1502 753 1585 funestissima
766 1498 823 1562 illo
835 1494 948 1559 Gallia
966 1504 1119 1571 tempore,
1140 1486 1252 1569 quibus
1268 1479 1492 1547 incumbentem
1508 1493 1606 1556 repno
1618 1473 1787 1554 perniciem
1799 1488 1885 1551 pru·

241 1607 348 1670 dantia
360 1614 391 1668 sl
412 1605 555 1669 consiliis
569 1604 636 1665 suis
662 1611 788 1664 strenus
813 1595 961 1659 amolitur
977 1600 1035 1665 est,
1053 1593 1088 1655 in
1110 1587 1290 1651 memoriam
1313 1596 1459 1644 reuocare
1478 1577 1547 1659 iam
1568 1575 1687 1637 liceret.
1702 1571 1840 1650 lienique
1856 1586 1886 1630 ss

241 1705 449 1769 Cassiodorus
462 1703 647 1767 lbeoderici
663 1719 719 1765 ors
739 1697 888 1764 laudatus
901 1700 958 1765 est,
974 1693 1025 1755 uti
1040 1706 1168 1752 summa
1184 1693 1366 1764 temporum
1382 1681 1455 1745 laus
1474 1676 1571 1758 (llll.
1588 1675 1681 1755 epist.
1697 1673 1763 1754 bip
1779 1672 1885 1736 Telle-

245 1807 316 1867 rius
333 1822 436 1884 crepe
451 1802 728 1868 ctristiauissimo
741 1786 1182 1869 lantonobilisrareportaril
1193 1782 1308 1863 stopie,
1321 1787 1439 1862 quanto
1448 1774 1627 1841 tudoeicue
1634 1772 1772 1852 ddapnus
1785 1770 1887 1832 Tirso-

311 1908 318 1921 .
545 1907 577 1965 ,ἡ

244 1904 617 2084 ὼῗινξῖεωίνῒῖἵιξιῖἱῖιάία
630 1998 761 2064 laudum
770 2004 913 2066 tuarum,
926 1991 979 2052 air
986 1983 1263 2069 prestantissims,
1277 1997 1343 2041 nort
1353 1986 1392 2040 ut
1404 1982 1444 2039 'sa
1458 1973 1638 2039 cassiodori
1652 1977 1888 2051 comparativus

245 2101 406 2165 illustrior
424 2100 533 2163 suadas
551 2143 560 2169 ,
574 2098 677 2162 redut
703 2096 758 2158 ille
772 2112 811 2156 ea
829 2094 926 2173 reptat
947 2089 1105 2152 ornatior.
1133 2085 1258 2146 Diceret
1270 2080 1353 2144 alius
1369 2088 1397 2141 ts
1412 2076 1599 2142 cassiodoro
1617 2074 1794 2156 iustiorem,
1805 2089 1889 2152 pru·

245 2202 438 2279 denliorem,
456 2199 676 2281 sapientiorem
690 2234 700 2270 ,
714 2213 752 2257 ac
760 2190 1014 2274 praestantiorem
1028 2204 1091 2248 esse
1106 2204 1116 2243 .·
1129 2183 1208 2246 milti
1224 2181 1303 2242 satis
1325 2180 1423 2258 [mrit
1439 2186 1468 2238 te
1483 2176 1584 2239 dicere
1596 2174 1702 2271 nostri
1724 2171 1888 2252 temporie,

246 2303 339 2365 idest
357 2303 513 2366 Ladoaici
527 2300 642 2380 dlapni
658 2296 895 2361 cassiodorum.
914 2291 1008 2354 Hunc
1024 2287 1150 2351 modum
1166 2284 1268 2364 sulpit
1289 2280 1440 2347 modestia
1464 2287 1536 2352 tua,
1552 2278 1582 2340 si
1605 2276 1751 2339 terrenis
1775 2274 1891 2337 modus

239 2411 291 2465 sel
303 2406 372 2484 repi
386 2405 523 2466 maximo
538 2398 722 2482 usqueadeo
743 2396 910 2478 placuisse.
931 2393 977 2453 De
992 2407 1056 2452 una
1069 2387 1127 2449 bac
1140 2387 1260 2483 virtuts
1289 2399 1360 2445 eum
1382 2376 1589 2452 cassiodoro,
1613 2393 1653 2438 ne
1667 2375 1727 2437 libi
1751 2374 1893 2453 interior

247 2504 462 2580 existimetur,
478 2512 514 2566 tu
528 2504 595 2583 ipse
606 2503 693 2564 ultro
708 2497 919 2561 contenderes.
939 2494 984 2555 Et
999 2507 1073 2554 sero
1086 2489 1145 2551 boc
1157 2486 1353 2569 praecipuum
1365 2492 1409 2546 est
1421 2490 1637 2544 ornamentum
1647 2481 1802 2545 uirtutum
1816 2487 1893 2540 tua·

248 2603 398 2676 rum,cir
414 2602 623 2683 inteperrime,
637 2617 704 2679 quis
716 2595 840 2659 insiliis
855 2593 976 2674 luerint
1001 2590 1159 2663 bumana,
1182 2584 1313 2649 morales
1324 2628 1333 2660 ,
1346 2582 1517 2664 politica:
1538 2582 1616 2643 inte
1636 2587 1712 2642 sunt
1732 2578 1780 2662 (ul
1793 2578 1894 2641 uerba

249 2701 364 2780 dicam)
379 2702 507 2781 penitus
533 2698 733 2762 christianes.
759 2695 873 2759 Patere
886 2698 923 2752 ut
944 2690 991 2752 ita
1010 2687 1047 2751 ds
1062 2697 1091 2750 te
1104 2687 1219 2749 sentiat
1245 2704 1281 2747 ac
1296 2682 1445 2764 pradicet
1459 2681 1551 2761 aula,
1575 2682 1714 2761 populus
1728 2723 1738 2755 ,
1753 2680 1895 2760 propria

253 2804 383 2886 [amilio.
400 2803 495 2865 lianc
507 2804 646 2883 primum
660 2816 871 2882 oppressurae
884 2811 1023 2859 coercere
1034 2794 1121 2856 intra
1142 2790 1299 2853 modestia
1313 2790 1393 2869 lepes
1406 2787 1513 2869 :quod
1523 2787 1680 2867 plerisque
1689 2785 1773 2847 ltoud
1786 2785 1895 2848 mistus

252 2907 386 2972 arduum
399 2909 444 2971 ait
460 2908 613 2985 Tacitus,
629 2924 720 2989 quam
732 2902 930 2985 prouinciam
949 2915 1065 2978 repere.
1081 2894 1200 2960 Deinde
1210 2902 1245 2954 tu
1261 2892 1325 2971 ipse
1343 2891 1378 2952 in
1396 2888 1524 2971 publico
1539 2905 1683 2968 pompam
1698 2888 1823 2968 sapere,
1840 2906 1896 2948 os-

253 3010 474 3086 tentationem,
490 3008 636 3090 plausum
651 3024 662 3069 .-
677 3024 737 3088 quo
753 3004 833 3068 nibil
845 3001 1001 3083 efficacius
1019 2997 1061 3060 ad
1070 2993 1307 3077 promerendam
1321 2988 1553 3071 aupsndampus
1565 2990 1690 3068 [amam.
1705 2987 1840 3067 lnsupsr
1854 2987 1897 3049 asi

253 3121 412 3175 auctorem
428 3120 455 3172 et
471 3110 578 3174 ducem
592 3117 628 3171 ut
638 3109 800 3182 mutislsr,
812 3104 955 3167 illustria
963 3103 1050 3180 secta
1066 3106 1122 3160 tua
1137 3100 1253 3178 reterre
1266 3091 1410 3155 didicisti
1424 3090 1559 3171 :procu
1571 3088 1610 3152 ab
1626 3089 1822 3152 aemulatione
1840 3087 1899 3151 ad·

254 3209 363 3277 uersus
374 3212 521 3293 collepas,
535 3211 652 3292 mucul
665 3230 685 3270 a
696 3205 898 3273 contentione
911 3203 1062 3265 aduersus
1076 3202 1167 3266 alies.
1185 3198 1265 3264 Inde
1275 3196 1426 3276 procedit
1437 3194 1494 3257 illa
1506 3195 1541 3255 in
1553 3204 1657 3254 omncs
1667 3193 1815 3267 comitas,
1835 3192 1901 3254 lie·

256 3316 392 3378 manitas
403 3319 468 3375 siue
482 3312 650 3394 supercilio
668 3311 794 3390 praeis,
809 3307 875 3369 siue
884 3306 972 3387 fastu
985 3304 1172 3368 osuuabilis
1185 3310 1244 3365 :ul
1254 3301 1383 3364 Tellerii
1395 3297 1612 3374 animus,non
1627 3314 1713 3356 secus
1724 3303 1818 3376 alque
1837 3295 1902 3358 do-

256 3438 325 3482 mus
336 3463 346 3497 ,
359 3417 513 3482 uniuersis
533 3422 647 3496 patere
665 3410 820 3476 uideatur.
838 3408 923 3473 Hinc
943 3404 1063 3489 sactum
1077 3413 1146 3480 est,
1169 3412 1205 3467 ut
1230 3422 1298 3486 qua
1311 3400 1387 3465 aliis-
1397 3401 1465 3480 [ers
1473 3396 1600 3460 amulas
1620 3398 1740 3460 excitat
1755 3396 1903 3477 ltpsltas

256 3536 396 3590 sumina,
411 3516 550 3579 omnium
570 3512 712 3581 aninsos,
731 3508 839 3571 stedia
857 3517 885 3569 el
898 3504 1032 3586 plausus
1052 3504 1187 3585 amplius
1200 3502 1242 3565 ad
1254 3512 1282 3564 te
1300 3500 1505 3565 consulerit.
1519 3499 1566 3561 lit
1589 3507 1671 3563 certe
1684 3499 1754 3579 puis
1770 3499 1904 3563 invilla

256 3616 416 3682 lacusubi
426 3615 584 3683 modestice
608 3632 648 3676 as
667 3611 871 3695 beneficentia
886 3617 988 3671 totum
1009 3606 1229 3687 lnpeellturr
1255 3605 1324 3681 imo
1347 3605 1473 3685 majora
1487 3604 1548 3665 sibi
1574 3601 1613 3665 do
1626 3620 1662 3664 su
1680 3603 1752 3666 lecit
1765 3604 1905 3682 optari,

256 3720 409 3799 qaiinlra
428 3716 757 3780 modssllaetermiaos
776 3725 894 3790 magna
908 3708 1054 3772 cohibuit
1078 3707 1173 3787 (Var.
1193 3703 1248 3770 lib.
1269 3723 1293 3779 ι,
1311 3703 1458 3785 epistt).
1473 3702 1670 3765 Eleclionem
1692 3710 1779 3764 tuam
1792 3718 1906 3781 crepe

259 3834 322 3884 tam
333 3822 490 3901 sapienter
505 3819 621 3899 [actam
635 3833 710 3877 mos>
718 3819 888 3894 prosecuta
901 3819 944 3873 est
959 3812 1100 3873 omnium
1109 3808 1257 3872 ordinum
1270 3807 1467 3871 acclamatio.
1482 3807 1532 3867 Tu
1545 3804 1633 3867 selus
1649 3803 1707 3868 ttll
1726 3804 1790 3884 ipsi
1808 3808 1908 3884 quasi

189 3968 194 3976 .
259 3925 321 3984 sim
334 3920 488 4001 inserebas
505 3930 548 3980 aa
559 3916 737 3997 obsequium
745 3913 920 3995 principis,
931 3929 1001 3975 cum
1013 3909 1072 3972 tibi
1084 3918 1208 3973 lantum
1220 3926 1286 3973 uon
1299 3909 1482 3989 deprecanti
1499 3925 1636 3969 summus
1650 3906 1836 3969 cancellarii
1847 3906 1908 3969 lta·

258 4041 316 4083 nos
336 4022 458 4084 delatus
471 4027 529 4080 est.
547 4016 609 4078 liic
632 4015 720 4088 crit,
737 4011 923 4094 inquiebat,
948 4028 1111 4091 supremus
1137 4009 1252 4072 titulus
1275 4008 1407 4071 donaris
1434 4008 1519 4070 breui
1542 4009 1700 4070 morituro
1726 4005 1764 4068 ab
1780 4008 1908 4085 optimo

257 4122 403 4206 principe
415 4120 591 4201 appositus.
606 4117 670 4183 lmo
686 4098 758 4179 sero
771 4114 834 4178 llaec
855 4115 916 4177 erit
934 4112 1120 4176 meritorum
1133 4111 1326 4190 amplissima
1338 4127 1422 4189 sepes
1434 4151 1446 4187 ,
1456 4125 1524 4190 pua
1537 4107 1688 4170 uirentem
1704 4115 1862 4169 senectam
1872 4106 1908 4169 ist

258 4223 342 4305 piris
362 4221 482 4302 publici
495 4217 666 4284 utilitatem
678 4223 840 4287 exarmat,
857 4230 925 4293 pua
946 4228 1012 4273 non
1025 4218 1132 4289 tuom,
1147 4209 1200 4273 sed
1211 4210 1324 4273 summi
1335 4226 1393 4290 per
1413 4218 1443 4270 le
1464 4208 1563 4290 officii
1577 4218 1688 4289 oupeat
1703 4207 1910 4289 alpnlsatem.

258 4324 347 4389 Nibil
368 4327 448 4388 enim
481 4322 617 4388 Tellerio
643 4319 684 4403 (st'
698 4318 745 4385 l'la
767 4316 854 4397 ioqui
875 4320 924 4396 [as
939 4316 1005 4393 est)
1028 4313 1117 4377 addit
1146 4312 1248 4376 bonor
1279 4313 1360 4392 iste,
1382 4313 1447 4375 uisi
1472 4330 1588 4374 nouum
1600 4312 1754 4375 Ludoeici
1789 4312 1914 4395 diapssi

258 4422 463 4504 euprepium,
486 4422 551 4485 uisi
566 4437 740 4501 supremam
762 4412 919 4481 modestia
934 4430 1093 4474 coronam.
1110 4411 1281 4488 Nimirum,
1296 4419 1333 4473 ul
1354 4410 1588 4487 cassiodorus,
1607 4411 1655 4473 ita
1670 4430 1796 4494 semper
1812 4415 1912 4477 luisti

260 4523 443 4584 stroderstus
457 4520 490 4582 ia
509 4520 671 4599 prosperis
689 4517 773 4600 (tib.
788 4534 836 4591 rs,
852 4517 944 4595 epist.
955 4509 1023 4596 lb),
1034 4518 1071 4574 ul
1082 4509 1316 4591 nullaunspsam
1328 4510 1581 4593 resumselicilsr
1592 4513 1780 4595 procedente
1791 4530 1910 4591 curru,

260 4625 348 4685 uallo
362 4623 528 4704 popularis
541 4638 627 4683 auru
641 4620 757 4701 afflatu
770 4617 909 4682 statarii
924 4616 1057 4698 praedis
1074 4615 1184 4677 anima
1199 4623 1260 4677 tua
1276 4611 1441 4695 aquatiles
1454 4621 1482 4677 el
1501 4616 1692 4679 constantia.

300 4725 463 4804 sipuoscls,
483 4725 613 4802 opinor,
629 4723 681 4783 eir
690 4719 915 4792 illustrissime,
930 4718 965 4780 in
980 4715 1168 4779 Cassiodoro
1185 4714 1350 4795 imapinsm
1366 4715 1414 4776 tui
1427 4736 1437 4786 ,·
1450 4716 1622 4796 quinetiam
1642 4725 1672 4777 te
1683 4716 1914 4781 dissimulante

258 4836 434 4911 opnoscunt
451 4846 563 4889 omnes.
577 4824 679 4889 llnssm
697 4834 742 4888 est
757 4832 875 4900 mmsis,
890 4831 926 4886 ul
941 4823 1005 4885 alia
1016 4831 1197 4902 preteream
1210 4869 1220 4900 ,
1234 4825 1269 4886 in
1283 4842 1346 4905 quo
1363 4824 1586 4889 cassiodorum
1597 4825 1714 4887 risisti.
1732 4822 1818 4903 Ejus
1831 4824 1908 4903 pui-

261 4932 329 4992 dem
346 4945 449 5008 gersus
466 4972 475 5001 ,
493 4926 690 4988 Tbeadorico
705 4932 792 5000 leste,
809 4924 845 4984 iss
860 4932 1001 5003 utroque
1020 4925 1097 4986 urbs
1114 4924 1306 5004 praeclarum
1321 4924 1401 4999 iuils
1423 4935 1455 4988 et
1469 4924 1735 5004 geminoseaatui
1750 4923 1913 4987 decenter

260 5037 418 5113 aptatum,
435 5034 591 5105 tanquam
614 5022 933 5117 duobuslumiuibus
950 5024 1142 5097 oculatum,
1168 5024 1341 5101 purissime
1367 5024 1514 5087 claritate
1531 5024 1670 5086 radiarit
1686 5020 1780 5104 (Var.
1799 5020 1863 5084 lib.
1886 5041 1915 5097 ι,

261 5132 353 5213 epist.
368 5129 413 5210 t).
428 5131 470 5190 itt
486 5125 677 5191 cassiodoro
693 5128 756 5207 ipsi
772 5126 872 5207 deluit
885 5127 988 5207 prolis
1002 5125 1123 5205 pluria,
1139 5146 1207 5209 quc
1221 5127 1378 5189 traderem
1392 5130 1532 5208 parentis
1544 5128 1744 5204 prudentiam
1758 5136 1915 5190 calmas-

259 5248 318 5311 que
331 5231 466 5292 uirtutes
479 5247 549 5290 cum
567 5228 723 5308 eaupuine
737 5227 965 5290 transmitteret
979 5227 1020 5290 ad
1033 5235 1188 5308 posteros.
1207 5228 1255 5288 Tu
1266 5244 1350 5299 cers,
1368 5230 1420 5290 sir
1437 5226 1635 5301 clarissime,
1653 5228 1782 5308 gebino
1799 5243 1916 5293 seua*

261 5328 309 5390 tui
324 5327 477 5407 pruinam
488 5326 610 5406 prolem
621 5327 654 5389 ia
668 5333 809 5405 utroquo
825 5329 904 5388 orbs
916 5326 1115 5406 suppeditas,
1128 5330 1259 5391 alteram
1273 5344 1364 5389 sacro
1381 5371 1389 5400 ,
1414 5328 1547 5408 politico
1564 5327 1707 5390 alteram.
1724 5326 1771 5389 lle·
1787 5326 1917 5407 prmius·

259 5434 333 5490 sunt
350 5425 435 5488 oculi
447 5471 458 5502 ,
476 5426 609 5505 quorum
621 5424 700 5487 alter
712 5425 821 5487 diuina
835 5429 1019 5504 speculatur
1031 5434 1060 5488 et
1073 5444 1165 5488 sacra
1180 5428 1262 5507 repit
1271 5449 1283 5498 ,·
1297 5428 1378 5489 alter
1390 5427 1525 5489 bumana
1538 5428 1755 5509 circumspicit
1765 5446 1801 5488 ac
1813 5426 1908 5490 diri·

260 5525 322 5606 pit.
340 5525 387 5587 Hi
401 5533 475 5585 sunt
487 5541 564 5605 quos
577 5541 643 5586 aon
653 5540 738 5597 sera,
752 5522 806 5584 sed
820 5532 1042 5604 praeoccupata
1054 5533 1157 5586 mosset
1169 5526 1499 5609 ploriauirtutumque
1512 5536 1639 5591 tuarum
1647 5527 1824 5602 rascatius,
1840 5544 1919 5591 teon

259 5635 415 5708 prompta
431 5626 557 5705 parenti
572 5669 580 5697 ,
597 5622 648 5686 ssd
664 5616 855 5702 amplificata
866 5633 892 5685 .·
1406 5698 1414 5713 ς

303 5726 366 5789 Sed
378 5725 515 5787 uicissim
529 5740 626 5784 unam
639 5729 681 5782 est
694 5721 730 5782 in
751 5739 811 5801 pua
826 5718 1050 5785 cassiodorum
1065 5728 1094 5783 ts
1107 5722 1276 5801 feliciorem
1303 5725 1383 5804 (pua
1398 5732 1454 5787 tua
1469 5729 1569 5805 pietas
1582 5726 1639 5806 cst)
1658 5744 1694 5790 oc
1708 5720 1921 5802 superiorem

260 5825 444 5899 existimas,
461 5826 511 5887 sir
521 5821 777 5902 prastanlissime
789 5865 798 5899 ,
812 5819 898 5898 puod
920 5821 975 5886 ille
988 5824 1023 5889 in
1047 5823 1171 5887 risorio
1194 5843 1250 5888 suo
1268 5825 1392 5891 leudem
1404 5829 1620 5904 impetraverit
1634 5840 1816 5892 secessumo
1833 5842 1912 5905 pse·
