4059 6184
223 266 288 356 ”ies
823 296 858 350 n.
880 292 1051 354 numurus
1068 292 1317 356 casnoumus,
1827 296 1883 353 cii

233 429 314 485 agere
328 414 485 480 credentum
501 412 623 484 adeoque
645 413 787 471 itlcuimim
804 413 956 471 rectissime
978 412 1027 478 illi,
1043 417 1066 477 Α
1082 410 1141 476 dm,
1159 410 1194 464 il
1210 408 1334 480 lierni),
1358 415 1452 492 postea
1477 424 1503 491 in
1526 407 1681 489 menologio
1704 405 1881 490 Beneilictiuo

233 494 297 538 diiiii
321 485 379 555 ejiis
402 485 590 540 auctoritatem
610 485 677 539 citat
692 483 769 553 (tte.
790 502 807 539 i
831 494 922 541 contin
942 483 1025 538 Felic.
1084 480 1132 549 <25
1145 480 1290 552 Septemb.)
1309 495 1364 535 non
1390 488 1525 535 immerito
1547 484 1679 550 scriptum
1703 477 1787 534 tuime
1810 494 1865 537 cun

231 554 349 637 Urget),
364 555 456 610 Sancti
479 555 687 637 appellationem
710 556 851 620 tribuisse;
874 568 903 637 et
927 568 1028 608 nomen
1084 552 1219 607 titeamur.

235 624 318 695 ipsius
327 626 382 694 jain
397 624 501 695 pridem
516 640 543 680 in
557 623 683 681 Witlordi
706 627 899 696 martirologio
912 624 1030 680 lliolloii·
1074 646 1081 653 ·

666 872 736 943 DE
766 874 827 945 Μ.
858 872 1087 945 euentu
1114 869 1439 947 cass10n01tt

766 1001 924 1109 Vll'h
961 996 1340 1105 monastice

885 1161 1236 1240 nissnnrtrio.

271 1293 376 1350 Nemini
389 1292 511 1365 prolecto
524 1294 668 1365 displicere
678 1297 759 1353 dehet
768 1295 901 1366 genuinus
914 1296 960 1378 ille
968 1296 1027 1366 pie-

235 1367 299 1423 tatis
310 1365 399 1426 ardor.
413 1375 442 1419 et
452 1364 532 1419 insita
544 1366 738 1423 monachorum
750 1368 847 1422 animis
861 1367 888 1422 in
903 1367 1027 1421 ordinem

234 1451 313 1492 suum
327 1435 370 1506 pia
386 1435 606 1517 propensaque
621 1437 801 1517 provehendis
814 1438 885 1519 illius
901 1437 1026 1491 utilitati-

235 1507 287 1562 bus
305 1514 333 1560 et
357 1504 449 1571 glorie
474 1512 599 1559 certatim
621 1508 798 1562 incumbunt:
820 1523 842 1563 si
859 1516 922 1562 tunc
936 1516 1026 1563 tamen

234 1592 291 1637 tion
307 1574 449 1630 immodice
473 1573 593 1630 ferveant
616 1577 704 1631 studia
719 1578 845 1647 partium.
867 1579 889 1632 si
912 1576 1027 1660 lacessat

235 1648 364 1709 ambitus,
379 1645 401 1699 si
415 1645 520 1698 exsulet
531 1645 677 1714 cupiditas,
695 1656 722 1702 et
740 1649 1028 1729 praecipuequsescrt-

234 1716 354 1772 beatium
369 1729 472 1768 sumina
494 1715 530 1769 sit
552 1715 655 1785 religio,
679 1717 701 1773 si
726 1718 932 1774 nullusveritati
952 1715 1029 1773 lucus

234 1784 356 1841 accedat.
374 1783 473 1839 Verum
487 1785 630 1855 plerosque
643 1787 735 1844 rideas
755 1803 841 1857 usquc
861 1804 895 1869 co
909 1787 1031 1869 difficiles

235 1864 264 1910 et
276 1870 409 1918 morosos,
423 1862 453 1908 ut
467 1855 531 1909 nibil
549 1857 705 1913 auctoribus
726 1859 771 1927 qui
790 1857 914 1914 sodalitio
938 1858 1031 1940 alicui,

233 1933 282 1983 aut
309 1924 431 1992 religioni
456 1940 554 1980 nornen
577 1927 678 1983 dedere
699 1928 1029 2010 coricedcndumreliiit‚

235 1994 458 2051 dumdomestica
477 2004 646 2066 proponunt;
668 2000 791 2067 quamvis
811 2007 959 2081 auctoritas
980 2014 1030 2054 suo

236 2066 356 2146 pondere
373 2063 471 2133 gravis,
488 2075 515 2120 et
530 2067 599 2121 ratio
618 2067 674 2123 suis
693 2068 788 2125 librata
802 2077 1030 2137 momentisque

234 2151 264 2191 m
278 2150 366 2191 cause
376 2134 523 2191 subsidium
537 2136 658 2203 veniunt,
671 2153 749 2193 secus
769 2139 808 2195 eis
827 2140 967 2194 suadeam.
983 2139 1031 2195 So·

234 2203 290 2259 luiii
303 2205 442 2274 scriptoris
456 2221 566 2272 nouren,
582 2216 628 2276 aut
638 2208 728 2277 operis
751 2208 834 2265 titulis
847 2210 887 2265 eis
902 2224 1030 2293 nauseam

235 2275 316 2345 parit,
336 2283 364 2330 et
383 2290 417 2331 co
441 2283 585 2342 terrentur,
613 2278 687 2332 velut
712 2278 873 2335 oliendiculo
898 2288 1028 2335 veritatis.

236 2346 405 2415 Quapropter
420 2361 454 2400 ne
468 2345 670 2403 benedictinum
682 2364 725 2403 me
740 2349 766 2404 iii
777 2348 950 2431 Benedictina
961 2366 1029 2431 con·

235 2416 366 2471 troversia
380 2425 533 2470 versantem
547 2418 656 2473 damnet
671 2419 842 2489 nescioquis,
860 2428 928 2475 sciat
949 2421 1029 2476 velini

234 2484 431 2540 dissertationis
446 2485 524 2553 biijus
538 2501 651 2555 scopum
667 2505 721 2543 non
736 2504 796 2545 esse
810 2498 839 2545 ιιι
852 2491 916 2559 quid
928 2506 1029 2545 novum

234 2569 394 2610 accenseam
405 2554 491 2609 ordini
503 2571 574 2624 meo,
588 2557 634 2625 qui
645 2573 715 2627 pene
723 2558 757 2614 ad
771 2560 896 2615 invidiam
907 2560 1031 2629 locuples

233 2631 264 2678 ct
276 2622 350 2688 telis,
366 2623 430 2679 nibil
445 2625 561 2680 alienum
576 2634 623 2681 aut
644 2629 851 2699 supposititium,
867 2629 933 2685 nibil
957 2629 1030 2687 lucto

234 2694 376 2763 abreptum
389 2733 398 2758 ,
410 2701 456 2748 aiit
470 2696 592 2764 precario
605 2710 764 2755 concessum
777 2700 870 2755 ambit.
886 2698 1029 2756 Litandum

1079 1293 1132 1348 tice
1151 1309 1228 1348 suam
1249 1294 1342 1349 sedem
1364 1293 1465 1361 baisse,
1481 1304 1510 1353 et
1529 1296 1627 1353 ibidem
1651 1300 1722 1357 coelo
1743 1312 1884 1365 maturum

1080 1363 1180 1419 obiisse
1194 1380 1265 1418 aimo
1279 1363 1341 1431 ste,
1354 1381 1388 1421 ex
1402 1367 1527 1423 nobiliori
1538 1369 1654 1438 epocha.

1117 1433 1228 1500 Quinto.
1244 1435 1282 1490 Ea
1303 1434 1352 1489 luit
1364 1438 1524 1493 sanctissimi
1540 1439 1700 1507 patriarche
1713 1443 1775 1499 vitae
1798 1444 1883 1516 lama,

1080 1519 1112 1558 ea
1127 1504 1317 1560 miraculorum
1330 1507 1425 1574 gloria,
1438 1508 1461 1562 is
1471 1509 1570 1576 regular
1579 1511 1673 1578 genius
1683 1520 1711 1567 ct
1726 1514 1884 1588 character,

1080 1589 1112 1628 ca
1133 1574 1241 1631 demum
1264 1577 1292 1630 in
1315 1578 1373 1642 eius
1393 1578 1531 1648 discipulis
1546 1582 1724 1637 observantiae
1749 1588 1885 1654 regutaris

1087 1643 1239 1714 disciptiia,
1256 1654 1284 1701 ut
1299 1646 1349 1700 sibi
1363 1664 1461 1702 nornen
1480 1649 1552 1719 apud
1566 1666 1661 1706 cinnes
1675 1653 1885 1714 celeberrimum

1087 1712 1197 1781 lecerit;
1215 1731 1264 1772 nec
1277 1716 1304 1770 iii
1319 1714 1393 1772 ltalia
1407 1718 1505 1785 solum,
1516 1719 1560 1775 cui
1570 1721 1620 1775 iovi
1634 1722 1733 1778 multus
1743 1725 1885 1796 inclaruit;

1085 1785 1134 1839 scd
1148 1786 1175 1838 iii
1190 1784 1294 1855 Sicilia,
1307 1786 1411 1851 Galliis,
1424 1787 1557 1858 Hispaniis
1567 1793 1727 1861 ceterisque
1740 1797 1886 1855 nobiliori·

1083 1853 1136 1910 bus
1149 1856 1263 1926 Europa
1278 1859 1408 1925 partibus,
1424 1858 1487 1913 duni
1502 1861 1530 1915 in
1546 1862 1624 1917 terris
1636 1863 1756 1932 degeret,
1779 1869 1886 1926 miran-

1083 1924 1146 1978 dum
1161 1941 1191 1981 sc
1202 1926 1315 1995 praebuit
1328 1938 1375 1982 ant
1386 1930 1558 2000 stupendum.

1119 1996 1214 2053 Sexto.
1240 1995 1370 2068 ltcgulani
1385 2015 1473 2066 suani,
1497 2001 1555 2071 ipse
1579 2002 1642 2057 dum
1663 2004 1752 2062 adhuc
1776 2008 1886 2068 vireret

1084 2066 1232 2136 legislator,
1267 2069 1478 2139 romulgarcrat,
1493 2087 1607 2142 eamque
1621 2072 1718 2131 Siculis
1732 2093 1780 2146 per
1793 2077 1886 2138 Placi-

1081 2137 1232 2261 duali,lpcrl
1248 2082 1373 2193 Eleorum
1394 2141 1548 2210 petentibus
1573 2142 1656 2199 Gallis
1682 2148 1885 2210 observandam

1083 2216 1132 2261 tnui
1146 2225 1160 2261 ιι
1173 2222 1218 2260 eru
1234 2248 1241 2261 .

1117 2276 1249 2345 Septimo.
1271 2276 1409 2335 Notandits
1433 2279 1627 2340 tiniosisstinus
1652 2285 1696 2341 ille
1718 2288 1794 2345 locus
1819 2292 1885 2363 epi·

1081 2348 1159 2403 stolm
1178 2346 1282 2403 abbatis
1306 2352 1460 2406 monasterii
1475 2353 1509 2407 de
1529 2353 1629 2409 Fundis
1651 2356 1685 2411 ad
1708 2356 1885 2432 Simplicium

1082 2418 1250 2473 Cassinatem
1265 2417 1371 2489 (Cliroii.
1394 2418 1497 2479 Cassiis.
1513 2440 1577 2496 pag.
1602 2423 1677 2495 555),
1691 2430 1735 2497 qui
1754 2434 1851 2486 tertius
1866 2450 1885 2489 a

1082 2487 1113 2542 B.
1126 2487 1273 2543 Benedicta
1284 2490 1435 2545 coeiiobiiim
1446 2493 1512 2546 rexi.
1525 2494 1635 2565 ejusque
1645 2497 1793 2568 discipulas
1808 2502 1858 2557 tuit
1874 2522 1883 2559 ι

1083 2558 1154 2613 unde
1173 2557 1303 2627 colligunt
1314 2576 1409 2615 onmes
1422 2563 1468 2632 qui
1481 2563 1532 2618 soli
1551 2566 1662 2621 student
1676 2570 1782 2625 veritati
1804 2575 1885 2641 quod

1081 2632 1153 2684 circa
1165 2643 1264 2682 annum
1274 2629 1515 2698 quingentesimum
1527 2641 1554 2688 et
1564 2639 1762 2703 scaagesimum
1774 2640 1885 2712 Regula

1081 2697 1168 2753 sancti
1181 2697 1317 2753 Benedicti
1329 2716 1382 2755 non
1396 2702 1486 2757 solum
1499 2705 1623 2761 omnibus
1636 2707 1718 2764 ltaliae
1732 2713 1886 2779 provinciis

234 2777 296 2818 esse
310 2764 425 2830 veritati,
443 2780 496 2818 nori
511 2764 652 2835 cupiditati
663 2768 826 2824 conscientia
840 2772 927 2825 docet.
945 2770 1030 2828 Secu·
1081 2768 1245 2833 innotuerat.
1271 2770 1320 2824 sed
1345 2772 1426 2826 ctiam
1447 2774 1559 2856 singulis
1585 2791 1677 2859 eanum
1703 2786 1884 2842 monasteriis

233 2847 282 2889 rus
291 2831 372 2901 igitur
386 2842 414 2888 ct
431 2833 512 2905 plagii
524 2836 676 2906 suspicione
690 2839 758 2894 liber
778 2839 874 2895 thesim
895 2840 1030 2898 nobilissl·
1081 2837 1246 2907 imperabat:
1259 2837 1329 2894 lliiic
1344 2843 1441 2913 [netum
1455 2852 1503 2908 eei.
1524 2855 1610 2917 tnuutl
1623 2850 1707 2905 abbas
1719 2851 1883 2924 Femineas,

235 2917 308 2959 niani
322 2919 444 2973 propono
455 2905 527 2960 circa
540 2908 731 2964 mouacbatum
746 2908 833 2976 ttagni
847 2909 947 2966 harelii
961 2910 1029 2967 Gas-
1080 2909 1175 2991 aijnni
1188 2911 1275 2963 ontnln
1285 2915 1441 2993 monasteriii
1452 2913 1611 2999 Cempnnt'oe,
1629 2919 1748 3002 Valeria,
1763 2922 1882 2994 Tuscioe,

234 2972 337 3028 siodori
351 2973 509 3030 Senatoris:
525 2992 588 3030 num
610 2977 713 3034 scilicet
731 2978 931 3037 ueiiediciinani
949 2997 1030 3051 regu·
1084 2975 1207 3051 laignrtoe.
1233 2990 1258 3033 et
1282 2981 1393 3035 altarum
1408 3001 1598 3053 proiiiitcinrnin
1620 2989 1716 3057 italice,
1736 3003 1835 3048 certain
1855 3006 1884 3052 et

235 3040 299 3108 lam,
313 3058 373 3113 que
388 3052 444 3099 tuni
455 3042 578 3114 florebat,
591 3048 626 3102 sit
638 3049 792 3119 amplerum
806 3052 848 3105 iel
861 3050 932 3105 aliud
943 3052 1065 3136 quod-c
1081 3051 1304 3133 vectanturepnliim
1318 3053 1417 3135 eiciendi
1437 3071 1514 3139 qvam
1527 3061 1707 3143 sanctissimas
1719 3072 1745 3116 et
1763 3063 1821 3119 Deo
1831 3085 1884 3121 iic-

235 3112 309 3181 dam,
326 3114 510 3184 puta,llasilii‚
523 3125 569 3171 aut
578 3115 687 3188 Equiti,
702 3129 746 3176 aut
758 3121 868 3177 atterius
879 3132 985 3178 secutus
995 3124 1031 3179 sit
1081 3122 1241 3201 testinantes
1256 3120 1408 3203 Benedictus
1420 3135 1544 3208 magister
1558 3136 1617 3185 tnui
1630 3134 1751 3199 institnit,
1772 3153 1884 3194 sonare

234 3181 395 3239 institutum.
413 3183 616 3243 Benedictiiiuni
632 3188 716 3245 luisse
738 3201 866 3246 constans
886 3192 936 3245 luit
955 3204 1029 3248 vete-
1080 3190 1247 3252 detrectent.
1263 3201 1378 3261 virttem
1394 3194 1467 3248 illvm
1481 3209 1601 3262 eueniet,
1617 3218 1664 3257 nec
1680 3204 1716 3257 int
1727 3205 1880 3273 macram,

235 3267 296 3308 rum
308 3256 432 3310 assertio.
445 3254 550 3311 Primus
560 3259 681 3315 omnium
694 3261 820 3317 dissensit
833 3262 867 3317 ab
886 3262 947 3317 aliis
960 3264 1029 3319 enii-

235 3324 410 3380 ncntissimus
428 3327 571 3382 cardinalis
592 3327 732 3397 Bnroniiis,
748 3340 776 3386 et
796 3333 841 3402 qui
856 3340 919 3402 post
941 3334 1029 3402 ipsum

235 3407 360 3474 purpurae
383 3392 473 3450 lorsan
498 3397 600 3467 fulgore
624 3403 774 3468 perstricti,
800 3403 920 3458 veritatis
941 3403 1028 3460 lucem

237 3476 359 3533 aspicere
373 3466 626 3537 minuspoiucrunt.
640 3469 698 3525 Non
721 3472 831 3527 dubium
851 3475 915 3543 quin
938 3475 1028 3554 aliqua

235 3531 362 3603 utrinque
383 3537 501 3593 militare
517 3538 568 3593 sibi
591 3550 748 3609 argumenta
772 3553 867 3612 putent
881 3545 1029 3600 doctissimi

236 3603 351 3673 pugiles.
365 3604 420 3661 Nos
434 3606 477 3663 hic
490 3617 581 3663 nostia
593 3613 708 3678 primum
729 3614 914 3683 subjiciemus,
930 3614 1029 3670 deinde

235 3674 375 3731 audiemus
390 3677 544 3742 llaroiiium,
560 3688 588 3733 ct
610 3681 756 3737 sinceritati
777 3699 831 3738 nou
846 3685 934 3739 mitius
947 3700 1028 3755 quam

234 3745 352 3813 veritati,
367 3753 397 3800 ut
410 3746 488 3802 decet
501 3750 641 3816 religiosos
661 3767 742 3815 vros‚
765 3762 873 3807 cautum
893 3755 1026 3819 volentes,

235 3826 289 3866 non
300 3829 331 3868 ea
345 3818 582 3885 pretermittcmus
594 3834 653 3887 quau·
674 3823 732 3888 eius
755 3823 875 3892 opinioni
890 3832 1028 3895 utcunque

234 3880 376 3952 suffragari
389 3885 559 3942 videbantur.
586 3888 701 3946 Libratis
727 3908 789 3947 cmii
813 3892 840 3947 iu
860 3893 979 3960 moduni,
995 3909 1028 3951 ac

233 3952 306 4007 serio
317 3957 456 4024 perpensis
482 3958 621 4014 hincinde
641 3962 776 4016 rationum
790 3964 944 4029 momentis,
960 3966 1027 4020 nibil

233 4018 279 4076 liic
299 4037 315 4076 a
337 4024 414 4079 nobis
434 4025 467 4080 de
481 4030 629 4095 quastione
644 4039 699 4085 tam
722 4031 824 4088 difficili
845 4033 1027 4091 dehiiieuduiu

234 4102 295 4145 esse
309 4093 469 4173 putavimus,
483 4105 512 4151 ut
524 4098 572 4166 ipsi
584 4102 758 4168 pronuntient
771 4102 874 4159 cordati
885 4113 914 4158 et
925 4106 1028 4174 aquio-

233 4171 279 4214 res
293 4162 352 4226 viri,
369 4178 403 4217 aii
415 4164 480 4220 citra
495 4166 620 4237 injuriam
632 4171 720 4227 deseri
739 4174 823 4242 pessit
843 4173 983 4241 baronius,
999 4186 1027 4231 et

233 4228 302 4285 citra
323 4230 451 4289 invidiam
470 4235 673 4295 Beneilictiiiuiii
695 4242 792 4311 dogma
816 4242 938 4306 delendi:
953 4261 986 4301 ac
999 4246 1026 4301 ei

232 4298 361 4367 medem,
386 4318 467 4373 quain
495 4308 634 4365 meliorem
663 4310 830 4372 ’udicaverin
855 4316 1026 4372 celeberrimi

233 4371 408 4443 problematis
422 4377 492 4446 parti
505 4378 642 4435 adhaereat
665 4391 741 4438 ector
754 4385 885 4441 eruditus.

427 4488 671 4551 ARGUMENTUM
691 4492 837 4551 Plllhlllhl.

232 4565 235 4572 ’
268 4569 304 4629 bi
317 4588 503 4647 argumentum
518 4582 580 4646 hoc,
593 4584 666 4653 quod
680 4583 719 4639 liti
740 4585 897 4645 dirimenda
908 4590 1025 4660 primum

232 4645 362 4714 occurrit,
378 4651 448 4705 votis
461 4654 598 4717 succedat,
613 4655 733 4725 quedam
749 4667 812 4712 sunt
826 4661 1023 4728 premittenda,

233 4728 267 4769 cx
283 4717 380 4784 quihus
404 4719 509 4774 vetula
530 4724 708 4792 conglobatis,
731 4735 761 4780 nt
781 4728 916 4798 inquiunt,
940 4731 1026 4788 tector

231 4798 389 4856 persuasum
403 4788 502 4844 habeat
516 4793 587 4861 quod
602 4794 775 4851 intendimus.

266 4852 366 4911 Primo.
378 4857 537 4916 Concedunt
548 4876 651 4929 omnes,
665 4879 716 4919 nee
729 4865 777 4935 ipsi
788 4865 936 4923 dillitcntur
945 4870 1024 4928 hete-

231 4923 338 4993 rodoxi,
352 4924 541 4986 Cassiodoriiiii
556 4931 624 4986 aulae
638 4935 773 4990 secularis
792 4952 870 4993 curas
893 4948 921 4993 et
933 4941 1023 5011 digni-

231 5003 299 5050 tates
320 5007 463 5065 pertaesum
484 5004 652 5058 monasticen
674 5004 822 5074 professum
847 5021 916 5074 esse,
931 5020 958 5064 et
973 5028 1022 5065 cii-

229 5063 328 5120 ciiltuiii
343 5067 461 5125 induisse
475 5086 509 5126 ex
523 5071 609 5126 allatis
625 5074 651 5127 iii
665 5075 723 5142 eJ'us
738 5075 796 5137 Yita
810 5088 886 5147 parte
900 5095 932 5144 ii,
950 5080 963 5151 ᾗ
979 5082 1020 5136 lh.

262 5132 398 5207 Secunde.
420 5138 495 5195 llatic
520 5141 608 5197 sacculi
628 5142 770 5214 ingemet
792 5149 946 5204 iiionastirau
961 5168 1024 5220 pro·

229 5200 352 5264 fessionis
362 5212 513 5266 encoeiiium
528 5213 672 5282 contigisse
682 5230 753 5269 aniio
763 5216 815 5271 558
825 5227 872 5273 aut
884 5223 1021 5291 sequent,

229 5280 259 5326 ιιι
273 5273 299 5329 in
311 5277 430 5346 ejusdem
445 5282 507 5336 vitae
520 5292 597 5353 parte
612 5284 707 5354 prima,
721 5286 736 5359 5
748 5287 792 5354 lid,
813 5305 829 5343 a
851 5289 926 5345 nobis
949 5294 1022 5348 serio

229 5352 360 5401 notatum.

264 5412 367 5473 Tertio.
375 5417 671 5480 VixisseCassiodorum
681 5424 714 5480 ad
724 5442 823 5483 annum
834 5425 896 5495 dih,
903 5439 932 5486 ut
940 5430 1022 5487 habet

227 5489 379 5543 communis
397 5491 581 5562 chronologia,
611 5511 691 5566 qnam
715 5507 865 5567 sequuntur
883 5500 1020 5557 llonorius

227 5552 484 5626 Angiistodunensis,
498 5563 660 5632 Augustinus
670 5565 850 5638 Floreiitinus,
861 5578 888 5624 et
896 5570 942 5625 alii
951 5587 1020 5640 quos

227 5624 277 5681 suli
290 5624 369 5683 linem
384 5631 445 5684 ritae
455 5635 573 5690 auctoris
587 5635 685 5691 citatos
699 5651 714 5691 a
726 5638 804 5693 nobis
816 5639 946 5697 invenies.

262 5694 373 5760 Quarto.
401 5698 455 5753 Nec
482 5705 570 5759 minus
594 5717 697 5760 certum
723 5716 764 5762 est
788 5707 816 5761 B.
843 5709 1018 5766 Beneilictum

225 5779 296 5823 auno
311 5764 364 5822 529
377 5769 517 5828 ursinum
531 5774 669 5846 migrasse,
683 5786 710 5834 et
720 5778 747 5834 iii
761 5778 832 5835 illius
845 5782 945 5838 montis
955 5795 1015 5837 rcr-

1080 3275 1127 3312 rrec
1142 3258 1177 3313 ad
1191 3260 1324 3315 aiiiirtrnm
1334 3263 1466 3318 declinare
1473 3282 1643 3336 presentent.
1656 3272 1740 3341 liujus
1753 3282 1882 3333 auctori-

1080 3338 1162 3383 tatem
1176 3330 1296 3399 epistole
1310 3347 1389 3388 nenio
1397 3335 1458 3404 J'ure
1469 3344 1605 3394 vocaverit
1620 3341 1646 3395 in
1661 3344 1781 3411 dubium,
1813 3364 1881 3404 iiam

1079 3399 1205 3523 probavit
1223 3401 1395 3460 doctissimus
1418 3404 1505 3462 Lucas
1523 3406 1677 3467 ltelstciiius
1702 3365 1882 3475 bibliothecae

1105 3471 1218 3526 aticaiiae
1231 3473 1382 3541 prefectus,
1397 3476 1461 3531 visis
1471 3479 1544 3546 prius
1558 3492 1586 3536 et
1605 3484 1676 3538 serio
1686 3485 1814 3543 discussis
1828 3506 1882 3545 ve-

1079 3541 1233 3607 tustissimis
1258 3541 1351 3599 llusaei
1376 3543 1545 3605 Cassiiieasis
1569 3555 1732 3611 uienibranis
1761 3558 1880 3623 (librari.

1079 3606 1182 3665 Cniain.
1196 3629 1256 3683 pag.
1273 3611 1348 3696 556),
1363 3615 1389 3669 in
1403 3617 1500 3687 quihus
1512 3629 1600 3676 exstat
1615 3622 1679 3678 illud
1690 3628 1880 3686 venerandum

1079 3681 1248 3751 antiquitatis
1262 3694 1471 3741 monimentum:
1483 3705 1563 3760 quani
1575 3694 1655 3747 etiam
1670 3701 1877 3763 commendant,

1078 3757 1107 3803 ct
1126 3752 1256 3808 acerrime
1270 3765 1441 3837 propugnant
1458 3756 1535 3827 lingo
1559 3761 1712 3833 hisnardus,
1736 3767 1880 3828 llaeltrnns

1078 3819 1175 3875 insitis
1193 3821 1428 3892 Disquisitionibus
1448 3832 1615 3899 monasticis,
1635 3834 1753 3904 Angelus
1767 3854 1783 3893 a
1797 3838 1880 3899 Niice

1078 3889 1107 3944 in
1120 3905 1171 3945 suo
1183 3891 1298 3948 ltonast.
1313 3892 1477 3966 Cassinensi,
1492 3909 1518 3956 et
1530 3902 1637 3971 quidam
1652 3906 1708 3961 alii.

1113 3961 1224 4017 tlctavo.
1250 3963 1354 4020 laverit
1372 3969 1453 4022 ctiam
1473 3970 1630 4039 advertisse,
1647 3977 1801 4058 priusquam
1829 4000 1879 4040 re-

1078 4031 1139 4097 gula
1162 4032 1218 4087 haec
1242 4031 1414 4092 Benedictina
1429 4041 1529 4108 publici
1551 4040 1619 4111 juris
1640 4046 1725 4112 tieret,
1750 4051 1879 4122 siiigiilos

1077 4101 1189 4156 abbates
1201 4104 1350 4172 peculiares
1362 4108 1396 4161 ad
1411 4109 1514 4164 libitum
1530 4113 1585 4168 suis
1608 4121 1778 4176 monasteriis
1797 4128 1804 4175 l
1844 4142 1878 4181 es

1078 4170 1177 4236 tiaisse,
1198 4182 1228 4227 nt
1250 4184 1344 4231 monet
1367 4176 1513 4235 Cassiaiins
1538 4181 1625 4239 insiti.
1646 4185 1672 4253 ι,
1693 4204 1752 4258 cap.
1768 4191 1805 4245 2:
1842 4196 1878 4251 'ot

1077 4243 1262 4310 propemodum
1274 4254 1347 4327 tppos
1362 4256 1386 4301 et
1407 4249 1510 4320 repulus
1524 4253 1634 4310 nidinim
1653 4270 1791 4329 nstirpntiir
1809 4276 1878 4334 prot

1076 4311 1154 4365 etiam
1166 4324 1323 4370 nionasteriia
1336 4318 1464 4391 cellasque
1473 4326 1661 4393 conspeximus.
1674 4326 1723 4383 Cui
1734 4337 1878 4391 consentit

1077 4381 1176 4436 citatus
1197 4384 1281 4439 abbas
1299 4389 1333 4441 ile
1354 4387 1471 4444 Fundis:
1487 4395 1646 4462 experientia
1658 4413 1815 4468 comperiam
1831 4415 1876 4460 est

1042 4450 1216 4512 occultorum
1230 4464 1356 4512 rectorum
1368 4475 1452 4514 mores
1462 4462 1548 4517 varim
1563 4466 1660 4521 nitendi
1671 4470 1768 4540 tornius
1779 4474 1806 4527 ιἰι
1816 4491 1877 4531 iiio·

1077 4523 1197 4577 iiciiterii’s
1207 4529 1345 4595 peperisse.
1398 4574 1401 4587 .

1114 4590 1178 4646 llice
1196 4598 1331 4651 coronidis
1345 4599 1490 4655 atveriiiius
1504 4602 1662 4661 vivariense
1685 4612 1841 4669 cienobium
1856 4630 1873 4671 a

1076 4660 1239 4719 Cassiodoro
1252 4675 1437 4724 constructum
1458 4670 1540 4728 luisse
1563 4692 1647 4746 prope
1660 4680 1819 4749 scyllacium
1843 4689 1873 4741 iii

1075 4728 1210 4798 Calabria,
1226 4743 1255 4790 et
1268 4752 1351 4807 regno
1369 4740 1558 4813 Neapolitano,
1573 4747 1599 4799 iii
1614 4762 1669 4816 quo
1686 4764 1762 4805 suuni
1784 4754 1874 4811 etiarn

1076 4799 1236 4859 Cassinense
1247 4811 1438 4864 monasterium
1450 4824 1573 4868 crexerat
1587 4814 1617 4870 b.
1631 4818 1805 4888 benedictum
1820 4841 1874 4881 cu-

1072 4870 1118 4939 jus
1132 4872 1185 4927 rita
1201 4890 1285 4946 prope
1300 4879 1388 4935 dvina
1401 4883 1525 4937 omnibns
1540 4885 1612 4941 italis
1629 4890 1766 4945 notissiriia
1778 4893 1873 4951 Sena·

1075 4951 1162 4996 torem
1183 4954 1303 5002 nostruin
1321 4943 1383 5005 'sive
1404 4954 1474 5020 apud
1494 4952 1599 5009 Gothos
1626 4955 1782 5028 fulgentem,
1808 4967 1873 5024 sive

1075 5014 1145 5080 apud
1156 5013 1327 5073 vivarienses
1340 5022 1535 5083 aliscoiitituin.
1553 5027 1637 5081 latere
1650 5045 1703 5084 nun
1720 5036 1816 5102 potuit

1108 5080 1148 5136 Ex
1174 5084 1216 5137 his
1236 5089 1360 5145 omnibus
1386 5094 1493 5148 sincere
1521 5099 1675 5164 premissis,
1703 5113 1731 5155 rt
1754 5103 1873 5161 tirmiter

1073 5158 1163 5207 stante
1188 5154 1311 5212 Fundani
1327 5161 1432 5216 abbatis
1455 5167 1598 5230 scabritia,
1625 5170 1753 5240 colligere
1779 5176 1872 5245 liquet

1073 5223 1241 5279 notissimum
1265 5229 1345 5284 titisse
1358 5229 1520 5289 Cassiodoro
1540 5236 1568 5291 S.
1585 5237 1771 5309 benedictum,
1787 5248 1871 5302 audi-

1074 5293 1144 5346 visse
1156 5294 1236 5349 vitain
1250 5296 1309 5366 ejus
1328 5304 1523 5359 sanctissimam
1535 5315 1564 5361 et
1584 5308 1722 5377 miracula,
1739 5331 1790 5370 ricc
1807 5333 1871 5375 nou

1072 5369 1100 5442 et
1114 5361 1307 5434 discipulorum
1324 5371 1453 5438 pietatem
1472 5384 1553 5444 atquc
1567 5382 1788 5449 sanctimonium
1803 5403 1871 5441 ina·

1073 5447 1144 5487 xime
1158 5448 1218 5488 cmii
1233 5436 1339 5505 triginta
1350 5450 1378 5495 et
1388 5444 1502 5513 amplius
1515 5448 1591 5501 aiinis
1600 5450 1766 5509 celeberrimi
1781 5458 1871 5522 legis·

1072 5501 1165 5556 latoris
1177 5515 1283 5561 ωιτιιοιιι
1297 5514 1456 5579 excesserim
1468 5530 1521 5572 non
1530 5518 1666 5586 ignorasse
1680 5538 1734 5590 quo
1747 5526 1868 5595 ambitu,

1072 5585 1126 5640 quo
1137 5577 1236 5654 virentis
1253 5581 1360 5638 ardore.
1385 5589 1414 5637 et
1432 5586 1530 5654 quibus
1545 5590 1641 5645 studiis
1666 5591 1765 5661 Regula
1790 5598 1870 5653 illius

1071 5656 1171 5709 passim
1185 5646 1330 5716 clitagitata
1343 5653 1376 5706 ad
1389 5655 1456 5709 alias
1471 5659 1591 5714 nationes
1613 5667 1798 5731 tmiisvotarit;
1810 5683 1871 5728 nec

1072 5712 1129 5766 lteri
1143 5716 1261 5782 potuisse
1271 5722 1335 5788 quiri
1350 5737 1381 5776 ea
1393 5722 1448 5791 jam
1463 5740 1477 5778 a
1493 5734 1534 5781 tot
1556 5735 1726 5789 innnastcriis
1749 5748 1868 5806 accepta

1070 5781 1098 5839 iii
1112 5780 1251 5844 Senatores
1264 5798 1358 5848 manus
1369 5792 1518 5868 devenerit,
1530 5813 1643 5871 caraque
1657 5802 1760 5875 legerit.
1774 5808 1869 5874 Quam
