4059 6184
306 235 370 291 5565
748 227 862 286 GlLDAE
882 228 1059 287 surtinus
1078 229 1122 284 Dli
1140 227 1276 285 incluto
1295 229 1491 288 DRITANMAE
1885 232 1934 292 bbl

274 410 277 417 .
309 365 367 406 nrt:
377 356 512 405 tennerunt
525 346 706 417 principatum,
722 364 769 402 nee
789 365 830 402 mc
853 358 1009 421 upuouerunt
1024 346 1098 419 (Ore.
1114 351 1137 409 Α
1152 362 1203 400 non
1218 349 1311 417 poterit
1323 348 1436 403 eximere
1449 363 1492 403 eos
1503 348 1530 403 in
1542 349 1585 403 die
1599 348 1647 404 ire
1667 346 1781 405 Domini.
1795 348 1866 406 urin
1880 351 1936 424 inne

306 457 365 507 ιιιι,
394 440 461 511 Μ).
486 437 539 494 Sed
559 446 587 491 et
606 446 728 493 sonetum
756 439 838 495 Amos
862 440 1020 511 prophetam
1047 441 1100 495 lroe
1149 435 1199 489 aeli
1208 435 1264 505 ejus
1273 444 1436 490 consumetur
1454 437 1539 492 omnis
1553 447 1632 504 terro,
1655 436 1760 508 mondo
1773 453 1936 493 consumme·

307 531 389 589 modo
406 534 550 587 minantem
568 529 674 586 nubile:
697 528 730 585 ln
750 532 829 586 tribus
842 531 1015 603 impietatibus
1029 533 1100 604 pilio·
1148 528 1243 582 tionem
1263 535 1289 581 et
1310 526 1475 582 solitudinem
1498 528 1579 599 saciet
1604 526 1732 583 Dominus
1754 544 1832 600 super
1850 546 1936 586 omnm

308 642 366 680 rum
378 623 460 690 truta,
479 630 504 678 et
523 624 550 677 in
568 631 678 694 quatuor
697 639 749 677 non
768 632 882 678 arentem
903 640 970 678 eos:
995 634 1100 695 prepter
1148 626 1336 673 commorantes
1351 619 1377 672 in
1392 627 1486 672 terram
1499 617 1627 690 (Saplson.
1643 634 1663 685 1,
1675 615 1785 690 tt-ti).
1800 616 1937 675 Conuenite

306 719 375 787 qnod
387 710 533 785 repulerunt
547 711 628 782 lepem
640 710 757 775 Domini,
772 719 797 764 el
807 721 935 782 precepto
950 729 1002 767 non
1012 721 1098 766 custo·
1146 718 1172 762 et
1185 707 1373 779 conjnnpirnini
1383 723 1446 778 pens
1466 707 1670 774 indisciplinata,
1683 709 1833 779 priusquam
1846 710 1937 781 efficia-

307 804 427 867 dierrmt‚·
442 801 488 856 sed
507 800 665 855 seduxerunt
678 816 723 855 eos
740 815 807 854 uorsa
822 816 910 854 eorsum
936 799 971 854 Et
982 802 1098 855 emittam
1148 800 1212 853 mirri
1227 802 1292 854 sicut
1312 800 1361 869 pios
1375 800 1534 869 preteriens,
1548 802 1696 870 pmuspuasn
1707 802 1793 855 ueniat
1809 817 1936 867 mpsrtm

284 946 288 949 ,
306 900 392 971 ipnent
406 914 484 966 super
494 894 612 963 ludant,
626 901 652 949 el
665 895 778 951 comedet
806 893 972 965 fundamenta
990 891 1099 946 lernsa-
1148 892 1188 947 ira
1202 876 1308 946 Domini
1323 890 1452 961 (Soplron.
1476 906 1506 958 ιι,
1523 891 1549 956 l,
1563 889 1601 962 2).
1617 888 1727 961 utquid
1746 892 1861 961 uersus
1874 907 1938 949 sen·

301 989 366 1043 dem.
379 988 444 1043 stoc
454 987 517 1041 dicit
528 985 670 1041 Dominus:
683 983 715 1039 ln
726 983 808 1039 tribus
818 982 991 1055 impietatibus
1002 980 1098 1047 lsrael,
1147 991 1207 1038 etus
1219 984 1350 1053 propheto
1364 982 1446 1048 dieat,
1462 982 1592 1038 attendite
1604 999 1610 1037 :
1627 981 1692 1037 llaec
1709 984 1773 1037 dicit
1790 982 1938 1040 Dominusr

306 1089 331 1134 et
344 1082 371 1133 irr
382 1087 492 1143 quotuor
503 1094 554 1132 non
568 1087 680 1132 mertam
693 1092 736 1131 cos
749 1092 759 1130 .·
778 1084 883 1147 propter
901 1074 969 1146 quod
983 1072 1099 1128 tradide-
1148 1073 1234 1129 Semel
1243 1090 1290 1145 epo
1300 1072 1403 1127 monebo
1414 1072 1504 1127 coelum
1513 1081 1537 1126 et
1548 1081 1654 1139 terram,
1665 1080 1690 1127 et
1701 1089 1772 1127 utare
1781 1081 1807 1128 et
1816 1075 1938 1131 aridem:

304 1179 366 1224 runt
381 1186 427 1242 pro
441 1170 550 1238 pecunie
558 1167 667 1239 justum,
679 1176 704 1221 et
714 1182 851 1238 pauperem
861 1181 907 1236 pro
921 1165 1098 1219 calciamentis
1146 1173 1172 1219 et
1185 1174 1300 1218 auertant
1312 1180 1429 1236 repuens,
1442 1173 1467 1219 et
1480 1163 1656 1220 exterminabo
1668 1166 1787 1221 niruttem
1801 1183 1939 1239 sepnorurn

306 1278 363 1331 qrroe
376 1260 488 1316 calciant
501 1276 577 1330 super
589 1260 718 1330 puluerem
732 1265 827 1312 terrce:
846 1264 871 1311 et
886 1253 1001 1326 colaplris
1015 1254 1099 1308 cede·
1145 1258 1268 1328 peruium,
1281 1265 1306 1310 et
1318 1265 1438 1310 sumtum
1444 1256 1585 1327 quadripes
1605 1264 1631 1310 et
1651 1272 1800 1312 ascensores
1815 1257 1894 1330 (App.
1909 1275 1939 1325 ιι,

306 1351 369 1406 bant
394 1351 480 1422 capita
500 1365 651 1420 pauperum,
667 1356 691 1402 et
706 1348 773 1402 oium
794 1347 929 1401 inmitium
953 1344 1098 1399 declinaue-
1145 1348 1189 1415 Ἠ,
1212 1348 1269 1420 23).
1288 1348 1365 1404 Nunc
1383 1362 1491 1420 quoqne
1516 1348 1580 1419 quid
1600 1349 1744 1405 boherias
1764 1351 1834 1406 lilius
1859 1351 1940 1409 Adeo

306 1453 366 1498 runt
380 1443 469 1515 (Amos
489 1457 517 1506 n,
532 1440 603 1511 4-7).
624 1438 656 1494 Et
678 1449 739 1509 post
755 1453 860 1510 pauca:
878 1434 992 1502 Qtoerile
1005 1434 1099 1491 Domi·
1146 1440 1278 1509 propheto
1293 1439 1396 1495 electus
1413 1440 1521 1507 dixerit,
1545 1439 1697 1506 intuemini,
1710 1442 1764 1498 hoe
1783 1442 1865 1498 modo
1879 1458 1942 1513 pro·

306 1550 378 1600 num,
398 1541 423 1586 et
441 1532 526 1586 cineris
539 1547 548 1585 :
561 1539 590 1584 ut
610 1544 661 1585 non
686 1529 798 1583 relucent
826 1527 892 1582 sicut
915 1526 981 1597 ipnis
1005 1525 1096 1580 domus
1146 1530 1355 1602 pinnarorum
1369 1531 1531 1586 exordiens:
1549 1529 1716 1586 ueneremur·
1735 1532 1771 1586 aa
1784 1549 1833 1597 me,
1848 1542 1875 1587 ep
1897 1550 1941 1588 η.

296 1624 411 1696 loseph,
425 1634 449 1679 et
461 1623 578 1680 comedet
590 1638 657 1686 eam,
669 1636 716 1675 nec
725 1619 774 1674 erit
785 1618 828 1691 qui
837 1618 986 1689 eustinpuat
1005 1616 1095 1686 (Amos
1146 1628 1233 1676 uerter
1245 1620 1280 1674 od
1293 1636 1347 1686 nos,
1363 1620 1426 1674 dieis
1439 1618 1582 1676 Dominus,-
1597 1631 1623 1675 er
1636 1621 1716 1676 nnete
1727 1622 1792 1676 rates
1802 1638 1858 1677 em
1870 1623 1941 1678 aar

304 1732 331 1779 v,
344 1715 383 1783 6).
395 1714 446 1781 Qut
456 1713 539 1768 Ainos
553 1711 703 1784 prohibitus
722 1724 757 1766 ue
770 1708 946 1780 prophetaret
960 1706 987 1761 in
1001 1703 1095 1770 isreel,
1113 1721 1235 1784 [pparm
1251 1714 1338 1778 morri,
1360 1710 1452 1782 onibus
1471 1712 1663 1783 imputaverunt
1680 1713 1813 1785 propbetoe
1835 1716 1940 1785 priores

304 1806 405 1874 ubsque
419 1801 580 1858 adulationis
590 1811 712 1871 tempore
726 1799 912 1870 respondens:
936 1794 999 1852 Non
1012 1812 1094 1862 mam,
1148 1802 1278 1858 eirenes:
1290 1801 1355 1858 lires
1369 1804 1431 1857 dicit
1445 1800 1573 1858 Domimrs
1587 1804 1749 1873 omnipotens
1765 1802 1859 1877 (Zucb.
1873 1820 1895 1871 ι,
1910 1806 1941 1871 3,

302 1898 399 1967 inquit,
424 1913 470 1968 epo
488 1894 624 1966 propbeta,
650 1909 697 1947 nec
711 1892 781 1963 filius
801 1891 951 1963 prophetae:
966 1888 1013 1944 secl
1025 1904 1097 1942 erurn
1145 1894 1186 1967 4),
1200 1893 1233 1950 Er
1246 1895 1333 1951 mira:
1349 1893 1384 1948 Er
1397 1896 1466 1949 uixit
1478 1892 1514 1949 ini
1527 1911 1568 1949 me
1579 1896 1708 1966 appeten:
1723 1893 1793 1960 Quid
1807 1904 1833 1950 ru
1844 1894 1942 1951 sida?

272 2012 275 2017 ·
303 1997 392 2057 pastor
406 1987 540 2057 caprarius
555 1985 677 2039 vellicans
697 1998 853 2054 sycomoros.
877 1978 912 2034 Et
925 1980 1037 2050 suscepit
1056 1994 1097 2032 me
1145 1984 1182 2040 Er
1195 1985 1271 2041 diei:
1288 1984 1395 2040 falcem
1409 2002 1456 2057 09⁰
1469 1984 1543 2041 rideo
1565 1985 1693 2040 somnum
1707 1986 1878 2057 ungiminis
1897 2001 1943 2039 α.

304 2078 429 2133 Dominus
443 2073 475 2129 ab
487 2074 584 2139 ouibus,
597 2082 621 2128 et
640 2073 706 2127 diets
719 2071 848 2127 Dominus
861 2069 896 2124 od
908 2084 967 2123 me:
986 2067 1058 2123 Vade
1072 2076 1096 2121 et
1145 2077 1258 2134 pirorum
1270 2077 1360 2148 „1¹95”st
1370 2094 1379 2131 ‚-
1391 2076 1539 2132 maledictio
1548 2092 1605 2149 (μα
1616 2076 1732 2148 procedis
1753 2093 1830 2146 gupa
1842 2077 1943 2149 facim

303 2168 452 2239 prophetiae
462 2165 491 2220 in
501 2164 599 2235 plebem
612 2178 696 2217 meum
711 2159 805 2215 lsrael.
826 2157 862 2212 Et
876 2174 944 2213 nunc
957 2157 1019 2211 audi
1040 2173 1097 2211 ter·
1145 2170 1222 2226 201pr
1236 2170 1461 2242 mmmmm
1476 2170 1560 2223 omui,
1573 2169 1616 2239 pur
1627 2183 1660 2222 η
1675 2184 1707 2222 ea
1719 2184 1799 2241 nup„
1812 2167 1848 2221 aa
1866 2184 1942 2223 m.

303 2260 362 2314 bunt
378 2257 483 2314 Domini
504 2258 605 2329 (regern
629 2265 746 2322 namque
759 2250 978 2320 alloquentium:
995 2247 1034 2302 Tu
1052 2248 1096 2303 di·
1144 2266 1195 2314 rem
1206 2262 1335 2331 punimur.
1347 2257 1382 2312 Et
1393 2259 1531 2329 projiciam
1540 2274 1610 2325 eum,
1633 2257 1697 2311 dicit
1712 2255 1838 2311 Dominus
1852 2257 1945 2312 omni·

301 2356 339 2411 cis
351 2371 359 2409 :
376 2351 439 2409 Noli
449 2350 602 2423 propinatam
615 2349 642 2403 in
655 2345 748 2413 lsrael,
759 2355 785 2400 et
797 2361 848 2400 non
859 2358 996 2424 conprepes
1007 2342 1097 2396 turbas
1144 2360 1235 2425 potem
1241 2369 1250 2418 ‚¹
1263 2360 1288 2406 er
1302 2349 1407 2404 terratis
1416 2351 1445 2404 ip
1456 2348 1559 2403 domum
1569 2349 1664 2419 puram
1673 2355 1699 2401 er
1709 2347 1737 2401 in
1748 2347 1852 2401 nomm
1858 2347 1943 2418 jum.

301 2449 329 2501 in
340 2445 444 2500 domurn
462 2441 554 2496 lucob.
569 2439 682 2509 Propter
696 2438 765 2510 quod
784 2437 839 2491 brec
860 2435 923 2489 dicit
946 2432 1095 2489 Dominus:
1145 2446 1224 2500 poni,
1237 2446 1264 2499 r„
1276 2444 1379 2499 ,romine
1392 2457 1449 2495 meo
1462 2440 1624 2494 mendacium
1636 2437 1728 2511 (Zacb.
1745 2453 1773 2503 u,
1786 2437 1856 2507 Ἠ).
1868 2437 1945 2494 Sau-

305 2534 378 2591 Ucor
391 2543 434 2586 utu
449 2549 475 2586 sn
488 2532 590 2585 ciuitate
604 2526 819 2592 meretricabitur,
833 2534 858 2580 et
871 2526 921 2596 filii
937 2527 973 2579 tui
992 2532 1018 2579 et
1031 2525 1095 2595 pilte
1145 2546 1204 2592 crus
1228 2549 1336 2606 quoque
1360 2531 1505 2587 Malachiae
1524 2532 1655 2601 propheta
1678 2530 1769 2585 dicit:
1792 2528 1861 2584 Ecce
1883 2530 1943 2585 dies

302 2636 355 2681 tute
370 2624 458 2696 plodio
471 2622 574 2687 cederat,
598 2630 623 2674 et
637 2630 705 2674 terro
724 2628 768 2672 tua
789 2618 904 2689 funiculo
920 2619 1058 2672 metietur:
1070 2625 1096 2671 et
1146 2627 1252 2683 pomini
1261 2628 1345 2681 „emer
1354 2640 1476 2679 succenso
1488 2623 1561 2694 qussi
1573 2622 1706 2676 canimus:
1720 2630 1745 2676 et
1755 2631 1830 2675 erunt
1846 2636 1944 2677 onim

298 2726 330 2769 tu
344 2717 370 2769 iu
382 2722 453 2768 ltrtu
470 2709 602 2766 immunda
619 2710 752 2774 morsm&
765 2707 851 2763 Ilm!
871 2717 957 2763 “blm
980 2709 1095 2778 captiuus
1145 2714 1248 2786 superbi
1262 2725 1286 2769 et
1299 2731 1387 2770 onrnes
1399 2715 1529 2785 facientes,
1538 2713 1700 2785 iniquitatem
1721 2722 1750 2765 ut
1770 2711 1868 2781 stipula
1887 2729 1899 2767 .·
1917 2721 1945 2767 et

304 2805 435 2858 ducetura
446 2811 514 2856 lette
525 2815 572 2854 suu
583 2798 672 2871 (Amos
682 2814 729 2866 vn,
745 2797 844 2869 ΙΗἸ).
856 2795 890 2851 Εἰ
902 2797 969 2853 infra
982 2815 989 2851 ἱ
1000 2797 1094 2851 Audiit
1144 2806 1318 2877 inplamncabit
1331 2821 1374 2860 eos
1387 2805 1442 2860 dies
1453 2805 1601 2869 edrerriens,
1613 2804 1676 2857 dicit
1691 2799 1818 2857 Dominus
1835 2803 1946 2857 eurei-

301 2895 388 2965 itaque
398 2893 464 2958 brec,
480 2892 523 2964 rpui
538 2888 715 2945 contribulatis
726 2890 839 2944 immane
848 2905 994 2961 pauperem,
1008 2897 1033 2944 el
1045 2888 1095 2943 do·
1145 2904 1226 2960 snum,
1247 2910 1304 2967 qun
1327 2911 1381 2949 nnn
1400 2894 1529 2965 relinqua
1547 2910 1580 2949 ex
1602 2893 1639 2948 eis
1659 2891 1807 2947 rodieonet
1831 2907 1947 2963 parm

299 2985 469 3039 minutionem
484 2982 606 3037 exercetis
626 2981 653 3034 in
667 2981 756 3051 inopes
769 2996 845 3050 super
861 2990 971 3047 terram,
989 2981 1032 3053 qui
1051 2981 1093 3034 di·
1145 2987 1225 3061 (Μαι,
1243 3002 1279 3051 w,
1295 2987 1332 3058 1),

304 3077 383 3130 citis:
398 3072 509 3139 Quorum
523 3070 644 3127 transibit
657 3074 752 3126 morsis
761 3078 790 3125 ut
806 3072 978 3143 acquiremus,
989 3079 1015 3125 et
1037 3072 1132 3141 sab-,C
1187 3078 1231 3132 15.
1246 3079 1362 3133 Sanetus
1373 3091 1482 3147 quoque
1494 3075 1560 3142 loir,
1574 3074 1720 3141 arundine,
1736 3072 1800 3142 quid
1812 3071 1847 3127 do
1860 3072 1948 3142 prin.

298 3166 365 3221 buta
376 3175 406 3220 ut
419 3166 566 3236 spartanos
578 3163 710 3218 rnesoroos
720 3162 811 3235 (unos
821 3178 878 3231 ιιι,
890 3163 915 3228 t,
932 3161 1022 3234 bibit
1033 3170 1094 3233 post
1143 3169 1214 3242 cipio
1224 3168 1368 3223 impiorum
1378 3175 1406 3223 et
1418 3168 1470 3222 une
1484 3166 1683 3237 disceptarent,
1694 3164 1808 3220 ornos:
1824 3159 1949 3232 Prome

303 3272 410 3329 panes:
431 3254 510 3310 durat
529 3252 656 3310 Dominus
677 3262 768 3308 contra
789 3251 934 3325 superbiam
955 3251 1048 3319 tarot,
1070 3255 1093 3308 si
1142 3260 1204 3332 quid
1215 3259 1288 3331 impii
1301 3259 1387 3313 sinunt
1399 3300 1408 3326 ,
1421 3269 1446 3313 et
1459 3268 1598 3313 renumeret
1613 3254 1771 3312 introissem?
1792 3251 1829 3307 Et
1848 3269 1949 3309 umen

302 3347 466 3403 obliuiscetur
476 3346 503 3399 in
513 3344 700 3415 contemptione
711 3359 789 3415 opera
801 3353 899 3409 uestra,·
914 3353 939 3398 et
948 3344 976 3398 in
990 3345 1030 3398 ltis
1041 3359 1093 3399 nart
1142 3358 1231 3405 sorren
1244 3348 1383 3403 ueurtdum
1397 3347 1551 3403 &siderium
1561 3363 1660 3414 eorum,
1672 3354 1697 3400 et
1710 3345 1760 3415 put
1773 3358 1864 3397 aarum
1879 3353 1950 3400 ante

303 3437 498 3494 conturbabitur
512 3446 592 3499 terra,
607 3443 632 3490 et
645 3434 741 3506 lupebit
760 3435 845 3490 omnis
858 3435 902 3508 qni
925 3435 1094 3491 commercii·
1144 3437 1464 3509 commonuerimus
1478 3438 1569 3492 domus
1582 3453 1670 3493 eorum
1680 3438 1818 3508 fructuose
1827 3445 1907 3502 sunt,
1921 3443 1951 3491 ct

305 3539 345 3583 tur
358 3531 386 3583 irs
404 3545 444 3595 ea,
463 3537 489 3582 et
500 3526 620 3583 uscendet
640 3528 704 3581 sicut
727 3526 822 3596 flumen
841 3527 1046 3582 consummarint
1059 3525 1094 3580 Et
1143 3533 1220 3586 timor
1232 3546 1361 3602 nunquam
1376 3546 1423 3585 nee
1432 3531 1509 3602 plapa
1519 3528 1624 3584 Domini
1637 3537 1676 3583 cst
1688 3545 1765 3597 super
1776 3544 1829 3585 eos.
1849 3528 1951 3584 Veece

302 3628 448 3675 convertam
461 3618 516 3675 dies
529 3620 608 3689 [estes
619 3626 715 3672 nestros
729 3618 756 3671 in
771 3618 877 3683 luctum,
893 3627 919 3672 et
933 3619 1051 3690 injiciam
1065 3619 1092 3672 in
1144 3636 1233 3675 eorum
1246 3634 1298 3673 nrm
1314 3618 1448 3683 abortirit,
1465 3627 1489 3672 et
1503 3632 1641 3688 psepnans
1654 3634 1742 3672 coruus
1754 3618 1860 3688 pertulit
1871 3634 1951 3688 pas*

302 3725 403 3765 omnem
417 3708 530 3762 lumbum
544 3707 665 3771 cilicium,
678 3716 702 3760 et
713 3708 740 3761 in
751 3722 827 3761 omne
840 3714 918 3776 caput
934 3706 1092 3767 decalvatio·
1144 3719 1197 3765 turn
1209 3751 1217 3778 ,
1231 3718 1257 3765 et
1270 3725 1322 3764 non
1335 3709 1449 3774 mouit,
1465 3708 1510 3763 sed
1523 3714 1655 3779 permanet
1668 3707 1735 3761 sicut
1746 3723 1805 3762 ones
1818 3714 1949 3763 aurum

300 3812 360 3854 nem
371 3815 380 3854 ε
392 3806 417 3854 et
430 3814 525 3869 ponam
539 3813 605 3851 eum*
615 3798 681 3850 sicut
701 3797 796 3851 luctum
817 3796 914 3861 dilecti,
938 3805 964 3852 et
985 3813 1030 3852 eos
1048 3799 1092 3869 qui
1143 3799 1178 3854 Et
1191 3801 1264 3871 pueri
1278 3816 1366 3855 eorum
1379 3798 1503 3870 pandent,
1516 3807 1542 3852 et
1554 3797 1705 3867 psalterium
1718 3806 1845 3851 sumentes
1860 3806 1891 3852 et
1906 3798 1953 3851 ei·

300 3904 359 3942 cunr
373 3905 402 3942 eo
417 3895 486 3951 sunt,
500 3887 567 3940 sicut
577 3886 644 3939 diem
658 3887 774 3940 meroris
788 3884 882 3955 (iure,
907 3885 932 3951 ¹1,
944 3884 971 3948 8.
988 3886 1044 3958 lb).
1058 3885 1092 3942 El
1143 3892 1246 3945 tlrnram
1258 3892 1380 3962 finierunt
1391 3893 1418 3944 in
1429 3889 1502 3943 bonis
1516 3890 1595 3943 ritum
1605 3904 1688 3953 suam,
1699 3890 1726 3942 iu
1741 3890 1854 3960 requiem
1869 3891 1952 3961 infe·

302 3978 418 4030 iterum:
443 3974 539 4029 Gladio
564 3975 708 4028 morientur
725 3989 813 4028 omnes
833 3983 981 4043 peccatores
1003 3977 1092 4047 populi
1144 3999 1234 4038 rorum
1255 3983 1416 4038 dormierunt
1445 3980 1505 4053 (lob
1519 3997 1581 4047 ιιι,
1606 3981 1689 4053 utu).
1713 3980 1837 4052 Nunquid
1865 3981 1952 4039 Deus

300 4067 362 4129 mei,
379 4066 420 4136 qui
434 4064 543 4118 dicunt:
559 4061 621 4117 Non
636 4063 878 4135 appropinquabunt
896 4079 978 4135 neque
991 4067 1092 4120 uenient
1141 4070 1213 4127 iscus
1227 4071 1370 4141 impiorum
1385 4086 1439 4126 uon
1453 4072 1580 4144 respicit?
1600 4069 1658 4127 Non
1671 4085 1753 4140 ergo,
1766 4069 1814 4126 sed
1827 4071 1952 4127 turem

296 4173 378 4227 snper
391 4171 436 4208 1¹⁰⁸
448 4154 517 4208 malt
528 4153 618 4223 (Amos
632 4168 668 4208 ¹1·
686 4153 740 4224 ¹0i·
1141 4161 1279 4232 impiorum
1297 4162 1475 4232 eastiupuetur
1489 4177 1498 4216 .·
1513 4169 1537 4215 el
1555 4168 1712 4231 superveniet
1727 4162 1765 4215 eis
1779 4162 1906 4231 mersio,
1922 4168 1953 4218 el

338 4245 381 4299 Μ.
402 4243 455 4300 Sed
469 4253 497 4300 θῑ
510 4252 620 4298 Sanctus
639 4241 764 4297 Michaeiis
781 4250 866 4311 iales,
882 4241 1012 4300 aliendibe
1027 4243 1090 4313 quid
1142 4253 1245 4309 dolores
1263 4261 1385 4326 tanquam
1404 4254 1571 4327 parturientis
1590 4269 1633 4308 eos
1647 4252 1679 4306 ab
1692 4252 1733 4306 ira
1748 4250 1884 4308 tepebunt,
1911 4252 1955 4310 Ep

302 4340 338 4395 Sil
352 4336 447 4392 effatus
458 4353 465 4389 ἓ
478 4335 555 4400 Audi,
571 4333 706 4405 inquiens,
721 4334 810 4388 tribus.
826 4333 862 4388 El
879 4334 941 4406 (pllt'd
954 4337 1091 4391 exorntidlll
1140 4356 1216 4400 erum
1229 4348 1294 4401 piem
1306 4346 1389 4417 palem
1402 4364 1420 4401 a
1433 4357 1518 4414 peppo,
1532 4355 1556 4402 et
1568 4348 1633 4401 sient
1646 4345 1728 4415 pulpis
1741 4362 1814 4416 quem
1827 4345 1955 4403 abgam

299 4428 451 4485 ciuitatem?
466 4425 592 4497 Nunouid
610 4426 700 4497 ipuis?
715 4423 748 4478 lit
764 4426 855 4479 domus
869 4426 1013 4498 iniquorum
1037 4428 1089 4482 tlte-
1104 4447 1130 4510 ῃ
1143 4434 1225 4491 turbo.
1245 4435 1376 4506 Deficiunt
1386 4438 1450 4508 piliis
1462 4437 1519 4508 ejus
1532 4436 1609 4503 bons,
1624 4436 1726 4491 uideant
1739 4436 1807 4492 oculi
1818 4437 1883 4507 ejus
1898 4455 1956 4494 ορ.

302 4528 438 4581 souriuans
448 4524 475 4577 in
491 4521 621 4575 tbesouras
634 4523 747 4593 iniquos,
761 4531 785 4574 et
805 4537 862 4576 cuns
876 4522 974 4594 injuria
986 4522 1090 4593 injusti·
1142 4526 1266 4582 cisionem
1278 4545 1371 4597 suam,
1385 4546 1432 4585 nee
1445 4547 1461 4583 a
1475 4529 1587 4585 Domino
1601 4529 1741 4584 resolvetur
1766 4527 1848 4589 libid.
1865 4570 1877 4596 ,
1898 4531 1953 4598 Π,

303 4617 375 4670 tiam.
392 4614 422 4670 Si
432 4612 618 4686 justificabitur
630 4614 657 4667 in
669 4622 767 4667 statera
780 4613 893 4686 iniquas,
909 4624 933 4668 et
946 4616 974 4668 in
993 4616 1089 4670 rocetto
1143 4614 1192 4683 ¹8,
1207 4615 1264 4686 20).
1287 4616 1322 4672 Et
1335 4628 1397 4688 post
1414 4619 1549 4688 aliquanla
1566 4617 1600 4673 de
1619 4617 1711 4672 iisdem
1728 4635 1735 4670 z
1753 4616 1803 4680 Qui
1816 4635 1956 4691 preqeur,

301 4708 416 4780 pondero
430 4706 530 4765 doloso.
542 4721 574 4759 eo
588 4705 678 4777 quibus
693 4704 796 4759 diuitias
816 4706 843 4760 in
859 4706 991 4775 impietate
1010 4706 1090 4776 raple-
1142 4706 1237 4775 iuquit,
1251 4724 1308 4763 cunr
1322 4719 1426 4779 pastore
1443 4716 1593 4780 rapuerunt,
1608 4718 1633 4762 ct
1643 4708 1787 4777 jumentum
1801 4708 1959 4777 orphano·

300 4808 390 4853 uerunt
404 4795 496 4869 (ilici.
513 4811 549 4863 vt,
563 4793 663 4862 tutu).
676 4794 730 4851 Sed
743 4803 771 4851 et
791 4793 943 4866 Sophonias
957 4796 1088 4866 propheta
1140 4816 1197 4854 rum
1211 4800 1383 4864 abduxerunt,
1395 4808 1419 4854 et
1430 4798 1517 4855 bouem
1529 4799 1613 4854 sidau
1625 4800 1834 4869 pipnornrernnt,
1848 4808 1882 4852 et
1898 4800 1959 4855 de·

300 4891 398 4955 clarite,
419 4902 486 4957 quas
509 4887 594 4942 minas
612 4895 764 4954 exaggt‘ii'iib‚
792 4885 904 4939 autbile:
929 4884 1015 4955 Prope
1038 4893 1086 4953 eil,
1141 4893 1299 4947 clipapemm
1313 4892 1464 4963 bmleelllet
1478 4907 1494 4944 a
1508 4891 1549 4944 viu
1566 4890 1737 4944 necessitatis,
1758 4889 1863 4959 Agrum
1882 4900 1961 4946 ame

300 4986 395 5055 inquii,
410 4984 464 5037 dies
475 4981 579 5035 Dorniui
593 4996 711 5051 mepnus,
720 4996 799 5050 prope
812 4988 836 5034 et
847 4981 919 5034 telon
931 4980 1012 5034 ualde.
1030 4979 1088 5034 Vae
1140 4991 1238 5051 tempus
1252 4997 1305 5036 non
1322 4996 1396 5035 suum
1420 4979 1528 5034 demessi
1545 4986 1604 5032 sunt
1620 4993 1766 5048 :pauperes
1788 4980 1961 5048 potentinus

300 5077 351 5132 diei
366 5072 471 5128 Domini
486 5086 576 5124 amara
590 5071 728 5125 constituto
751 5077 789 5123 est
808 5078 833 5123 et
853 5081 954 5140 potens,
973 5071 1026 5126 elies
1040 5072 1087 5127 ire
1139 5072 1225 5127 uinces
1238 5073 1295 5128 sine
1308 5072 1423 5126 mercede
1446 5080 1474 5124 et
1492 5071 1548 5125 sine
1561 5068 1617 5125 cibo
1631 5070 1731 5141 operati
1749 5078 1833 5123 sunt:
1851 5077 1961 5130 nenos

300 5168 354 5222 dies
365 5166 417 5227 iile,
434 5163 488 5217 dies
503 5159 675 5214 tribulationis
687 5168 712 5213 et
723 5161 893 5221 necessitatis,
909 5161 963 5215 dies
978 5163 1052 5216 nubis
1061 5173 1087 5216 et
1138 5164 1232 5219 multos
1245 5164 1357 5218 dormire
1371 5165 1484 5235 iecerunt
1497 5162 1553 5217 sine
1566 5162 1745 5215 uestimentis:
1760 5169 1867 5231 tepescas
1886 5164 1965 5220 sni-

301 5256 476 5323 petulanius
491 5250 557 5305 tuba
567 5259 591 5304 et
603 5250 743 5322 clunporit,
757 5250 810 5304 dies
823 5252 933 5305 miserico
955 5259 980 5306 et
1000 5261 1086 5306 euter-
1138 5270 1188 5308 mte
1201 5270 1288 5311 eorum
1302 5252 1461 5308 abstulerunt
1481 5247 1541 5319 (lob
1556 5264 1631 5316 xxiv,
1644 5248 1697 5316 ul,
1713 5248 1740 5316 b,
1756 5248 1795 5317 7).
1820 5245 1861 5302 Et
1881 5265 1964 5322 pose

300 5347 459 5407 minationis,
475 5345 529 5397 dies
544 5339 704 5396 tenebrantrn
717 5351 741 5394 et
754 5341 872 5413 colipinis
881 5358 958 5411 super
974 5345 1088 5397 ciuitates
1138 5363 1225 5419 panon
1240 5363 1247 5399 t
1264 5360 1325 5401 curn
1339 5358 1404 5414 ergo
1416 5342 1499 5396 sciret
1511 5355 1593 5410 opere
1606 5354 1710 5405 eornm,
1724 5337 1831 5393 tradidit
1847 5355 1915 5400 eos
1929 5344 1966 5402 in

301 5439 392 5509 proras
405 5443 430 5488 et
442 5448 518 5503 saper
534 5430 643 5501 nnpulos
657 5428 781 5484 excelsos.
804 5428 828 5483 D
831 5439 839 5482 t
853 5428 1029 5485 contribulabo
1041 5432 1088 5484 lto·
1138 5440 1263 5496 tenebras
1275 5457 1281 5490 ;
1293 5434 1466 5491 maledicetur
1479 5448 1539 5503 erpo
1552 5431 1682 5501 perseius
1694 5447 1710 5484 a
1725 5439 1793 5484 terra
1803 5446 1813 5482 .·
1823 5437 1969 5497 pes-im

300 5526 394 5591 minos,
408 5533 433 5578 et
444 5523 515 5577 ibunt
529 5523 595 5576 sieut
603 5522 676 5586 ceci,
696 5520 757 5593 quio
769 5520 881 5594 Domino
898 5530 1086 5593 peccauerunt:
1137 5529 1309 5601 plantationes
1329 5526 1386 5597 ejus
1409 5523 1502 5579 eride.
1530 5520 1697 5576 Retribuetur
1717 5535 1779 5591 erpo
1800 5519 1843 5574 illi
1878 5527 1968 5585 sicus

300 5625 327 5672 et
340 5613 471 5683 effundam
485 5614 635 5682 sortpuinem
658 5614 723 5667 sieut
741 5613 878 5682 puluerem,
894 5623 919 5667 et
933 5629 1025 5669 earnes
1043 5630 1087 5668 eo-
1136 5618 1186 5687 epit
1201 5632 1210 5671 .·
1224 5612 1409 5670 contribuletur
1432 5610 1515 5666 amnis
1538 5608 1641 5677 iniquus
1664 5608 1729 5661 sicut
1751 5607 1860 5678 lipnsess
1894 5618 1970 5673 si„
2000 5680 2006 5687 ι

299 5723 361 5764 runt
373 5703 439 5803 sicnr
451 5699 625 5768 innumerum
637 5721 645 5760 .·
660 5715 684 5760 et
693 5714 825 5773 arpentum
840 5722 927 5763 serrum
949 5715 973 5760 et
993 5721 1084 5761 aurum
1136 5712 1257 5764 sanitate.
1270 5704 1303 5760 ln
1312 5702 1448 5759 iracundie
1457 5702 1525 5758 enim
1534 5714 1642 5776 turpent
1652 5699 1812 5770 impetentem
1824 5705 1965 5765 ees-trie.
