<?xml version="1.0" encoding="UTF-8"?>
<!DOCTYPE html PUBLIC "-//W3C//DTD XHTML 1.0 Transitional//EN"
    "http://www.w3.org/TR/xhtml1/DTD/xhtml1-transitional.dtd">
<html xmlns="http://www.w3.org/1999/xhtml" xml:lang="en" lang="en">
 <head>
  <title>
</title>
<meta http-equiv="Content-Type" content="text/html;charset=utf-8" />
  <meta name='ocr-system' content='tesseract 3.04.00' />
  <meta name='ocr-capabilities' content='ocr_page ocr_carea ocr_par ocr_line ocrx_word'/>
</head>
<body>
  <div class='ocr_page' id='page_1' title='image "./patrologiaecurs144unkngoog/patrologiaecurs144unkngoog_0306.png"; bbox 0 0 4059 6184; ppageno 0'>
   <div class='ocr_carea' id='block_1_1' title="bbox 163 155 228 219">
    <p class='ocr_par' dir='ltr' id='par_1_1' title="bbox 163 155 228 219">
     <span class='ocr_line' id='line_1_1' title="bbox 163 155 228 219; baseline -0.031 0"><span class='ocrx_word' id='word_1_1' title='bbox 163 155 228 219; x_wconf 80' lang='lat' dir='ltr'><strong>58l&#39;</strong></span> 
     </span>
    </p>
   </div>
   <div class='ocr_carea' id='block_1_2' title="bbox 812 173 1178 232">
    <p class='ocr_par' dir='ltr' id='par_1_2' title="bbox 812 173 1178 232">
     <span class='ocr_line' id='line_1_2' title="bbox 812 173 1178 232; baseline -0.008 -2"><span class='ocrx_word' id='word_1_2' title='bbox 812 175 993 232; x_wconf 77' lang='lat' dir='ltr'><strong>t&#39;tttlttlt&#39;lr</strong></span> <span class='ocrx_word' id='word_1_3' title='bbox 1018 173 1118 229; x_wconf 73' lang='lat' dir='ltr'><strong>trusit</strong></span> <span class='ocrx_word' id='word_1_4' title='bbox 1136 175 1178 228; x_wconf 89' lang='lat' dir='ltr'><strong>ttl.</strong></span> 
     </span>
    </p>
   </div>
   <div class='ocr_carea' id='block_1_3' title="bbox 1757 184 1811 242">
    <p class='ocr_par' dir='ltr' id='par_1_3' title="bbox 1757 184 1811 242">
     <span class='ocr_line' id='line_1_3' title="bbox 1757 184 1811 242; baseline 0.056 -3"><span class='ocrx_word' id='word_1_5' title='bbox 1757 184 1811 242; x_wconf 75' lang='lat'><strong>58¹2</strong></span> 
     </span>
    </p>
   </div>
   <div class='ocr_carea' id='block_1_4' title="bbox 161 274 1812 368">
    <p class='ocr_par' dir='ltr' id='par_1_4' title="bbox 161 274 1812 368">
     <span class='ocr_line' id='line_1_4' title="bbox 161 274 1812 368; baseline 0.015 -39"><span class='ocrx_word' id='word_1_6' title='bbox 161 274 277 333; x_wconf 89' lang='lat' dir='ltr'><strong>eundum</strong></span> <span class='ocrx_word' id='word_1_7' title='bbox 287 279 465 341; x_wconf 71' lang='lat' dir='ltr'><strong>canonicariae</strong></span> <span class='ocrx_word' id='word_1_8' title='bbox 473 282 552 343; x_wconf 79' lang='lat' dir='ltr'><strong>fidem</strong></span> <span class='ocrx_word' id='word_1_9' title='bbox 562 296 684 358; x_wconf 88' lang='lat' dir='ltr'><strong>tempora</strong></span> <span class='ocrx_word' id='word_1_10' title='bbox 697 286 797 342; x_wconf 80' lang='lat' dir='ltr'>debeas</span> <span class='ocrx_word' id='word_1_11' title='bbox 811 290 958 343; x_wconf 83' lang='lat' dir='ltr'><strong>constituta</strong></span> <span class='ocrx_word' id='word_1_12' title='bbox 974 295 1000 351; x_wconf 77' lang='grc' dir='ltr'><strong>Λ</strong></span> <span class='ocrx_word' id='word_1_13' title='bbox 1012 296 1081 344; x_wconf 88' lang='lat' dir='ltr'><strong>eleo</strong></span> <span class='ocrx_word' id='word_1_14' title='bbox 1092 302 1177 358; x_wconf 90' lang='lat' dir='ltr'><strong>usque</strong></span> <span class='ocrx_word' id='word_1_15' title='bbox 1186 297 1324 360; x_wconf 80' lang='lat' dir='ltr'><strong>prestare,</strong></span> <span class='ocrx_word' id='word_1_16' title='bbox 1336 305 1390 361; x_wconf 90' lang='lat' dir='ltr'><strong>quo</strong></span> <span class='ocrx_word' id='word_1_17' title='bbox 1403 307 1433 348; x_wconf 91' lang='lat' dir='ltr'><strong>sc</strong></span> <span class='ocrx_word' id='word_1_18' title='bbox 1445 302 1553 350; x_wconf 89' lang='lat' dir='ltr'><strong>erectus</strong></span> <span class='ocrx_word' id='word_1_19' title='bbox 1561 298 1812 368; x_wconf 86' lang='lat' dir='ltr'><strong>stupeatattigissel</strong></span> 
     </span>
    </p>
   </div>
   <div class='ocr_carea' id='block_1_5' title="bbox 158 366 957 723">
    <p class='ocr_par' dir='ltr' id='par_1_5' title="bbox 158 366 957 723">
     <span class='ocr_line' id='line_1_5' title="bbox 161 366 955 447; baseline 0.013 -25"><span class='ocrx_word' id='word_1_20' title='bbox 161 366 299 436; x_wconf 85' lang='lat' dir='ltr'><strong>complere</strong></span> <span class='ocrx_word' id='word_1_21' title='bbox 314 385 321 423; x_wconf 92' lang='lat'><strong>:</strong></span> <span class='ocrx_word' id='word_1_22' title='bbox 334 385 369 425; x_wconf 91' lang='lat' dir='ltr'><strong>ue</strong></span> <span class='ocrx_word' id='word_1_23' title='bbox 383 374 513 445; x_wconf 90' lang='lat' dir='ltr'><strong>quidquid</strong></span> <span class='ocrx_word' id='word_1_24' title='bbox 530 376 663 446; x_wconf 84' lang='lat' dir='ltr'><strong>dispendii</strong></span> <span class='ocrx_word' id='word_1_25' title='bbox 677 377 745 431; x_wconf 89' lang='lat' dir='ltr'><strong>assis</strong></span> <span class='ocrx_word' id='word_1_26' title='bbox 759 377 881 447; x_wconf 84' lang='lat' dir='ltr'><strong>publicus</strong></span> <span class='ocrx_word' id='word_1_27' title='bbox 895 393 955 432; x_wconf 87' lang='lat' dir='ltr'><strong>sus-</strong></span> 
     </span>
     <span class='ocr_line' id='line_1_6' title="bbox 161 458 957 542; baseline 0.021 -31"><span class='ocrx_word' id='word_1_28' title='bbox 161 458 280 524; x_wconf 90' lang='lat' dir='ltr'><strong>tinuerit,</strong></span> <span class='ocrx_word' id='word_1_29' title='bbox 298 459 334 518; x_wconf 91' lang='lat' dir='ltr'><strong>de</strong></span> <span class='ocrx_word' id='word_1_30' title='bbox 347 468 458 537; x_wconf 89' lang='lat' dir='ltr'><strong>proprio</strong></span> <span class='ocrx_word' id='word_1_31' title='bbox 472 468 614 525; x_wconf 81' lang='lat' dir='ltr'><strong>exsolvere</strong></span> <span class='ocrx_word' id='word_1_32' title='bbox 634 476 662 524; x_wconf 92' lang='lat' dir='ltr'><strong>tu</strong></span> <span class='ocrx_word' id='word_1_33' title='bbox 677 471 794 540; x_wconf 82' lang='lat' dir='ltr'><strong>cogaris,</strong></span> <span class='ocrx_word' id='word_1_34' title='bbox 809 485 825 525; x_wconf 92' lang='lat' dir='ltr'><strong>a</strong></span> <span class='ocrx_word' id='word_1_35' title='bbox 839 486 894 542; x_wconf 91' lang='lat' dir='ltr'><strong>quo</strong></span> <span class='ocrx_word' id='word_1_36' title='bbox 908 487 957 528; x_wconf 89' lang='lat' dir='ltr'><strong>nee</strong></span> 
     </span>
     <span class='ocr_line' id='line_1_7' title="bbox 158 547 957 623; baseline 0.021 -21"><span class='ocrx_word' id='word_1_37' title='bbox 158 555 241 603; x_wconf 75' lang='lat' dir='ltr'><strong>tantae</strong></span> <span class='ocrx_word' id='word_1_38' title='bbox 251 547 367 618; x_wconf 77' lang='lat' dir='ltr'><strong>iussioni</strong></span> <span class='ocrx_word' id='word_1_39' title='bbox 383 565 425 612; x_wconf 89' lang='lat' dir='ltr'><strong>est</strong></span> <span class='ocrx_word' id='word_1_40' title='bbox 440 559 531 614; x_wconf 85' lang='lat' dir='ltr'><strong>habita</strong></span> <span class='ocrx_word' id='word_1_41' title='bbox 547 560 716 623; x_wconf 83' lang='lat' dir='ltr'><strong>reverentia,</strong></span> <span class='ocrx_word' id='word_1_42' title='bbox 743 576 794 616; x_wconf 92' lang='lat' dir='ltr'><strong>nec</strong></span> <span class='ocrx_word' id='word_1_43' title='bbox 816 560 882 618; x_wconf 81' lang='lat' dir='ltr'><strong>sides</strong></span> <span class='ocrx_word' id='word_1_44' title='bbox 902 574 957 620; x_wconf 82' lang='lat' dir='ltr'><strong>suaa</strong></span> 
     </span>
     <span class='ocr_line' id='line_1_8' title="bbox 159 648 491 723; baseline 0.021 -22"><span class='ocrx_word' id='word_1_45' title='bbox 159 648 353 719; x_wconf 82' lang='lat' dir='ltr'><strong>promissionis</strong></span> <span class='ocrx_word' id='word_1_46' title='bbox 367 651 491 723; x_wconf 86' lang='lat' dir='ltr'><strong>impleta.</strong></span> 
     </span>
    </p>
   </div>
   <div class='ocr_carea' id='block_1_6' title="bbox 446 784 671 842">
    <p class='ocr_par' dir='ltr' id='par_1_6' title="bbox 446 784 671 842">
     <span class='ocr_line' id='line_1_9' title="bbox 446 784 671 842; baseline -0.004 -2"><span class='ocrx_word' id='word_1_47' title='bbox 446 784 613 842; x_wconf 73' lang='lat' dir='ltr'><strong>setarum</strong></span> <span class='ocrx_word' id='word_1_48' title='bbox 627 784 671 840; x_wconf 86' lang='lat' dir='ltr'><strong>tx.</strong></span> 
     </span>
    </p>
   </div>
   <div class='ocr_carea' id='block_1_7' title="bbox 157 890 959 1004">
    <p class='ocr_par' dir='ltr' id='par_1_7' title="bbox 157 890 959 1004">
     <span class='ocr_line' id='line_1_10' title="bbox 157 890 959 941; baseline 0.001 -10"><span class='ocrx_word' id='word_1_49' title='bbox 157 890 376 941; x_wconf 66' lang='lat' dir='ltr'><strong>WSSZSSQRIBUS,</strong></span> <span class='ocrx_word' id='word_1_50' title='bbox 398 893 594 933; x_wconf 66' lang='lat' dir='ltr'><strong>persuademus</strong></span> <span class='ocrx_word' id='word_1_51' title='bbox 617 895 651 933; x_wconf 82' lang='grc' dir='ltr'><strong>ΕΤ</strong></span> <span class='ocrx_word' id='word_1_52' title='bbox 666 892 821 934; x_wconf 75' lang='lat' dir='ltr'><strong>contitutus</strong></span> <span class='ocrx_word' id='word_1_53' title='bbox 841 892 959 932; x_wconf 72' lang='lat' dir='ltr'><strong>AEsrttalts</strong></span> 
     </span>
     <span class='ocr_line' id='line_1_11' title="bbox 310 962 806 1004; baseline 0.002 -2"><span class='ocrx_word' id='word_1_54' title='bbox 310 962 532 1004; x_wconf 70' lang='lat' dir='ltr'><strong>coastsrtsttrtsus</strong></span> <span class='ocrx_word' id='word_1_55' title='bbox 544 963 728 1003; x_wconf 77' lang='lat' dir='ltr'><strong>rusobortlctts</strong></span> <span class='ocrx_word' id='word_1_56' title='bbox 743 965 806 1003; x_wconf 77' lang='lat' dir='ltr'><strong>tttrx.</strong></span> 
     </span>
    </p>
   </div>
   <div class='ocr_carea' id='block_1_8' title="bbox 153 1033 959 1172">
    <p class='ocr_par' dir='ltr' id='par_1_8' title="bbox 153 1033 959 1172">
     <span class='ocr_line' id='line_1_12' title="bbox 153 1033 959 1110; baseline 0.005 -22"><span class='ocrx_word' id='word_1_57' title='bbox 153 1033 237 1090; x_wconf 69' lang='lat' dir='ltr'><strong>lubet</strong></span> <span class='ocrx_word' id='word_1_58' title='bbox 251 1045 280 1090; x_wconf 83' lang='grc' dir='ltr'><strong>ιιι</strong></span> <span class='ocrx_word' id='word_1_59' title='bbox 292 1037 428 1092; x_wconf 80' lang='lat' dir='ltr'><strong>columitas</strong></span> <span class='ocrx_word' id='word_1_60' title='bbox 443 1055 601 1093; x_wconf 81' lang='lat' dir='ltr'><strong>marmoreas</strong></span> <span class='ocrx_word' id='word_1_61' title='bbox 620 1048 645 1093; x_wconf 86' lang='lat' dir='ltr'><strong>et</strong></span> <span class='ocrx_word' id='word_1_62' title='bbox 660 1039 760 1110; x_wconf 83' lang='lat' dir='ltr'><strong>lapides</strong></span> <span class='ocrx_word' id='word_1_63' title='bbox 778 1041 835 1093; x_wconf 85' lang='lat' dir='ltr'><strong>sine</strong></span> <span class='ocrx_word' id='word_1_64' title='bbox 854 1056 902 1093; x_wconf 82' lang='lat' dir='ltr'><strong>ure</strong></span> <span class='ocrx_word' id='word_1_65' title='bbox 912 1041 959 1110; x_wconf 79' lang='lat' dir='ltr'><strong>jo·</strong></span> 
     </span>
     <span class='ocr_line' id='line_1_13' title="bbox 206 1106 912 1172; baseline 0.003 -12"><span class='ocrx_word' id='word_1_66' title='bbox 206 1117 305 1172; x_wconf 73' lang='lat' dir='ltr'><strong>centes,</strong></span> <span class='ocrx_word' id='word_1_67' title='bbox 319 1106 355 1161; x_wconf 81' lang='lat' dir='ltr'><strong>cd</strong></span> <span class='ocrx_word' id='word_1_68' title='bbox 368 1108 456 1163; x_wconf 74' lang='lat' dir='ltr'><strong>urbem</strong></span> <span class='ocrx_word' id='word_1_69' title='bbox 471 1107 624 1163; x_wconf 75' lang='lat' dir='ltr'><strong>[retensum</strong></span> <span class='ocrx_word' id='word_1_70' title='bbox 639 1110 797 1164; x_wconf 82' lang='lat' dir='ltr'><strong>derclrendos</strong></span> <span class='ocrx_word' id='word_1_71' title='bbox 813 1119 912 1163; x_wconf 85' lang='lat' dir='ltr'><strong>curent.</strong></span> 
     </span>
    </p>
   </div>
   <div class='ocr_carea' id='block_1_9' title="bbox 155 1195 962 1637">
    <p class='ocr_par' dir='ltr' id='par_1_9' title="bbox 155 1195 962 1637">
     <span class='ocr_line' id='line_1_14' title="bbox 196 1195 962 1269; baseline 0.003 -19"><span class='ocrx_word' id='word_1_72' title='bbox 196 1195 332 1268; x_wconf 88' lang='lat' dir='ltr'><strong>Propositi</strong></span> <span class='ocrx_word' id='word_1_73' title='bbox 352 1197 460 1269; x_wconf 91' lang='lat' dir='ltr'><strong>quidem</strong></span> <span class='ocrx_word' id='word_1_74' title='bbox 482 1197 568 1253; x_wconf 92' lang='lat' dir='ltr'><strong>nostri</strong></span> <span class='ocrx_word' id='word_1_75' title='bbox 590 1204 632 1254; x_wconf 90' lang='lat' dir='ltr'><strong>est</strong></span> <span class='ocrx_word' id='word_1_76' title='bbox 646 1213 715 1253; x_wconf 87' lang='lat' dir='ltr'><strong>nova</strong></span> <span class='ocrx_word' id='word_1_77' title='bbox 727 1205 897 1265; x_wconf 89' lang='lat' dir='ltr'><strong>conslmere,</strong></span> <span class='ocrx_word' id='word_1_78' title='bbox 913 1197 962 1254; x_wconf 91' lang='lat' dir='ltr'><strong>sed</strong></span> 
     </span>
     <span class='ocr_line' id='line_1_15' title="bbox 156 1291 960 1361; baseline 0.002 -17"><span class='ocrx_word' id='word_1_79' title='bbox 156 1291 279 1361; x_wconf 83' lang='lat' dir='ltr'><strong>amplius</strong></span> <span class='ocrx_word' id='word_1_80' title='bbox 292 1299 399 1346; x_wconf 89' lang='lat' dir='ltr'><strong>vetusta</strong></span> <span class='ocrx_word' id='word_1_81' title='bbox 421 1306 531 1347; x_wconf 87' lang='lat' dir='ltr'><strong>serrare</strong></span> <span class='ocrx_word' id='word_1_82' title='bbox 544 1309 551 1343; x_wconf 74' lang='grc' dir='ltr'><strong>ι</strong></span> <span class='ocrx_word' id='word_1_83' title='bbox 563 1292 625 1360; x_wconf 91' lang='lat' dir='ltr'><strong>quia</strong></span> <span class='ocrx_word' id='word_1_84' title='bbox 641 1308 695 1347; x_wconf 92' lang='lat' dir='ltr'><strong>non</strong></span> <span class='ocrx_word' id='word_1_85' title='bbox 707 1292 840 1348; x_wconf 83' lang='lat' dir='ltr'><strong>minorem</strong></span> <span class='ocrx_word' id='word_1_86' title='bbox 853 1291 960 1346; x_wconf 89' lang='lat' dir='ltr'><strong>laudem</strong></span> 
     </span>
     <span class='ocr_line' id='line_1_16' title="bbox 157 1381 959 1453; baseline 0 -17"><span class='ocrx_word' id='word_1_87' title='bbox 157 1381 196 1437; x_wconf 90' lang='lat' dir='ltr'><strong>de</strong></span> <span class='ocrx_word' id='word_1_88' title='bbox 210 1382 338 1445; x_wconf 80' lang='lat' dir='ltr'><strong>iurantis,</strong></span> <span class='ocrx_word' id='word_1_89' title='bbox 362 1397 443 1453; x_wconf 90' lang='lat' dir='ltr'><strong>quarn</strong></span> <span class='ocrx_word' id='word_1_90' title='bbox 457 1381 490 1437; x_wconf 91' lang='lat' dir='ltr'><strong>dc</strong></span> <span class='ocrx_word' id='word_1_91' title='bbox 505 1382 586 1437; x_wconf 90' lang='lat' dir='ltr'><strong>rebus</strong></span> <span class='ocrx_word' id='word_1_92' title='bbox 601 1397 743 1453; x_wconf 89' lang='lat' dir='ltr'><strong>possumus</strong></span> <span class='ocrx_word' id='word_1_93' title='bbox 758 1384 898 1453; x_wconf 78' lang='lat' dir='ltr'><strong>acquirere</strong></span> <span class='ocrx_word' id='word_1_94' title='bbox 912 1398 959 1439; x_wconf 89' lang='lat' dir='ltr'><strong>cu·</strong></span> 
     </span>
     <span class='ocr_line' id='line_1_17' title="bbox 155 1471 961 1544; baseline 0.002 -16"><span class='ocrx_word' id='word_1_95' title='bbox 155 1472 278 1528; x_wconf 85' lang='lat' dir='ltr'><strong>stoditis.</strong></span> <span class='ocrx_word' id='word_1_96' title='bbox 291 1471 410 1529; x_wconf 83' lang='lat' dir='ltr'><strong>Proinde</strong></span> <span class='ocrx_word' id='word_1_97' title='bbox 424 1473 554 1530; x_wconf 89' lang='lat' dir='ltr'><strong>moderna</strong></span> <span class='ocrx_word' id='word_1_98' title='bbox 565 1474 624 1529; x_wconf 92' lang='lat' dir='ltr'><strong>sine</strong></span> <span class='ocrx_word' id='word_1_99' title='bbox 639 1475 758 1544; x_wconf 91' lang='lat' dir='ltr'><strong>priorum</strong></span> <span class='ocrx_word' id='word_1_100' title='bbox 773 1475 961 1530; x_wconf 78' lang='lat' dir='ltr'><strong>imminutione</strong></span> 
     </span>
     <span class='ocr_line' id='line_1_18' title="bbox 155 1563 960 1637; baseline 0.002 -18"><span class='ocrx_word' id='word_1_101' title='bbox 155 1563 345 1621; x_wconf 80' lang='lat' dir='ltr'><strong>desideramus</strong></span> <span class='ocrx_word' id='word_1_102' title='bbox 370 1565 486 1635; x_wconf 85' lang='lat' dir='ltr'><strong>erigere.</strong></span> <span class='ocrx_word' id='word_1_103' title='bbox 510 1564 645 1635; x_wconf 81' lang='lat' dir='ltr'><strong>Quidquid</strong></span> <span class='ocrx_word' id='word_1_104' title='bbox 669 1566 741 1620; x_wconf 92' lang='lat' dir='ltr'><strong>enim</strong></span> <span class='ocrx_word' id='word_1_105' title='bbox 767 1581 817 1637; x_wconf 92' lang='lat' dir='ltr'><strong>per</strong></span> <span class='ocrx_word' id='word_1_106' title='bbox 841 1566 960 1621; x_wconf 90' lang='lat' dir='ltr'><strong>alienum</strong></span> 
     </span>
    </p>
   </div>
   <div class='ocr_carea' id='block_1_10' title="bbox 1010 381 1814 1642">
    <p class='ocr_par' dir='ltr' id='par_1_10' title="bbox 1010 381 1814 1642">
     <span class='ocr_line' id='line_1_19' title="bbox 1011 381 1813 456; baseline 0.014 -22"><span class='ocrx_word' id='word_1_107' title='bbox 1011 381 1147 437; x_wconf 80' lang='lat' dir='ltr'><strong>Beneficia</strong></span> <span class='ocrx_word' id='word_1_108' title='bbox 1162 381 1295 450; x_wconf 87' lang='lat' dir='ltr'><strong>siquidem</strong></span> <span class='ocrx_word' id='word_1_109' title='bbox 1310 392 1388 450; x_wconf 90' lang='lat' dir='ltr'><strong>sunt,</strong></span> <span class='ocrx_word' id='word_1_110' title='bbox 1413 400 1474 456; x_wconf 75' lang='lat' dir='ltr'><strong>quaa</strong></span> <span class='ocrx_word' id='word_1_111' title='bbox 1499 399 1581 454; x_wconf 89' lang='lat' dir='ltr'><strong>regua</strong></span> <span class='ocrx_word' id='word_1_112' title='bbox 1603 389 1768 455; x_wconf 87' lang='lat' dir='ltr'><strong>sublimant;</strong></span> <span class='ocrx_word' id='word_1_113' title='bbox 1784 398 1813 445; x_wconf 90' lang='lat' dir='ltr'><strong>ct</strong></span> 
     </span>
     <span class='ocr_line' id='line_1_20' title="bbox 1012 471 1814 544; baseline 0.011 -19"><span class='ocrx_word' id='word_1_114' title='bbox 1012 471 1145 528; x_wconf 90' lang='lat' dir='ltr'><strong>libertatis</strong></span> <span class='ocrx_word' id='word_1_115' title='bbox 1155 472 1280 527; x_wconf 87' lang='lat' dir='ltr'><strong>dominus</strong></span> <span class='ocrx_word' id='word_1_116' title='bbox 1287 473 1389 544; x_wconf 78' lang='lat' dir='ltr'><strong>jugiter</strong></span> <span class='ocrx_word' id='word_1_117' title='bbox 1398 482 1490 544; x_wconf 84' lang='lat' dir='ltr'><strong>potest</strong></span> <span class='ocrx_word' id='word_1_118' title='bbox 1503 490 1636 542; x_wconf 90' lang='lat' dir='ltr'><strong>crescere,</strong></span> <span class='ocrx_word' id='word_1_119' title='bbox 1651 480 1675 534; x_wconf 91' lang='lat' dir='ltr'><strong>si</strong></span> <span class='ocrx_word' id='word_1_120' title='bbox 1687 480 1738 535; x_wconf 92' lang='lat' dir='ltr'><strong>sibi</strong></span> <span class='ocrx_word' id='word_1_121' title='bbox 1748 480 1814 535; x_wconf 71' lang='lat' dir='ltr'><strong>sub</strong></span> 
     </span>
     <span class='ocr_line' id='line_1_21' title="bbox 1010 561 1812 634; baseline 0.011 -16"><span class='ocrx_word' id='word_1_122' title='bbox 1010 561 1099 633; x_wconf 83' lang='lat' dir='ltr'><strong>iectos</strong></span> <span class='ocrx_word' id='word_1_123' title='bbox 1114 563 1221 619; x_wconf 88' lang='lat' dir='ltr'><strong>studeat</strong></span> <span class='ocrx_word' id='word_1_124' title='bbox 1237 565 1378 634; x_wconf 86' lang='lat' dir='ltr'><strong>ampliare.</strong></span> <span class='ocrx_word' id='word_1_125' title='bbox 1404 565 1463 623; x_wconf 91' lang='lat' dir='ltr'><strong>lloo</strong></span> <span class='ocrx_word' id='word_1_126' title='bbox 1477 570 1692 626; x_wconf 88' lang='lat' dir='ltr'><strong>mansuetudinis</strong></span> <span class='ocrx_word' id='word_1_127' title='bbox 1712 579 1812 627; x_wconf 76' lang='lat' dir='ltr'><strong>nostrae</strong></span> 
     </span>
     <span class='ocr_line' id='line_1_22' title="bbox 1012 654 1812 734; baseline 0.013 -25"><span class='ocrx_word' id='word_1_128' title='bbox 1012 654 1133 725; x_wconf 90' lang='lat' dir='ltr'><strong>glorioso</strong></span> <span class='ocrx_word' id='word_1_129' title='bbox 1152 657 1307 726; x_wconf 80' lang='lat' dir='ltr'><strong>pronosim,</strong></span> <span class='ocrx_word' id='word_1_130' title='bbox 1330 672 1411 725; x_wconf 90' lang='lat' dir='ltr'><strong>quem</strong></span> <span class='ocrx_word' id='word_1_131' title='bbox 1425 660 1510 728; x_wconf 90' lang='lat' dir='ltr'><strong>gratia</strong></span> <span class='ocrx_word' id='word_1_132' title='bbox 1525 662 1710 729; x_wconf 85' lang='lat' dir='ltr'><strong>generalitatis</strong></span> <span class='ocrx_word' id='word_1_133' title='bbox 1723 665 1812 734; x_wconf 89' lang='lat' dir='ltr'><strong>patrio</strong></span> 
     </span>
     <span class='ocr_line' id='line_1_23' title="bbox 1013 744 1812 827; baseline 0.014 -27"><span class='ocrx_word' id='word_1_134' title='bbox 1013 744 1310 818; x_wconf 82' lang='lat' dir='ltr'><strong>sorernusalleetu‚per</strong></span> <span class='ocrx_word' id='word_1_135' title='bbox 1325 748 1499 806; x_wconf 88' lang='lat' dir='ltr'><strong>indictionem</strong></span> <span class='ocrx_word' id='word_1_136' title='bbox 1507 762 1630 822; x_wconf 89' lang='lat' dir='ltr'><strong>quartam</strong></span> <span class='ocrx_word' id='word_1_137' title='bbox 1646 754 1684 827; x_wconf 78' lang='lat' dir='ltr'><strong>[id</strong></span> <span class='ocrx_word' id='word_1_138' title='bbox 1694 765 1732 808; x_wconf 85' lang='lat' dir='ltr'><strong>ert</strong></span> <span class='ocrx_word' id='word_1_139' title='bbox 1742 771 1812 812; x_wconf 85' lang='lat' dir='ltr'><strong>narro</strong></span> 
     </span>
     <span class='ocr_line' id='line_1_24' title="bbox 1014 835 1813 915; baseline 0.014 -25"><span class='ocrx_word' id='word_1_140' title='bbox 1014 835 1078 909; x_wconf 73' lang='lat' dir='ltr'><strong>all]</strong></span> <span class='ocrx_word' id='word_1_141' title='bbox 1096 837 1261 908; x_wconf 77' lang='lat' dir='ltr'><strong>pretecturas</strong></span> <span class='ocrx_word' id='word_1_142' title='bbox 1274 838 1383 895; x_wconf 76' lang='lat' dir='ltr'><strong>urbanae</strong></span> <span class='ocrx_word' id='word_1_143' title='bbox 1398 841 1495 898; x_wconf 84' lang='lat' dir='ltr'><strong>insulas</strong></span> <span class='ocrx_word' id='word_1_144' title='bbox 1510 844 1557 899; x_wconf 90' lang='lat' dir='ltr'><strong>tibi</strong></span> <span class='ocrx_word' id='word_1_145' title='bbox 1570 846 1681 915; x_wconf 87' lang='lat' dir='ltr'><strong>copiosa</strong></span> <span class='ocrx_word' id='word_1_146' title='bbox 1692 846 1813 901; x_wconf 91' lang='lat' dir='ltr'><strong>liberali·</strong></span> 
     </span>
     <span class='ocr_line' id='line_1_25' title="bbox 1013 929 1811 1002; baseline 0.014 -19"><span class='ocrx_word' id='word_1_147' title='bbox 1013 936 1070 984; x_wconf 89' lang='lat' dir='ltr'><strong>tate</strong></span> <span class='ocrx_word' id='word_1_148' title='bbox 1085 929 1223 999; x_wconf 85' lang='lat' dir='ltr'><strong>largimur,</strong></span> <span class='ocrx_word' id='word_1_149' title='bbox 1240 939 1269 986; x_wconf 95' lang='grc' dir='ltr'><strong>ιιι</strong></span> <span class='ocrx_word' id='word_1_150' title='bbox 1282 933 1402 1002; x_wconf 90' lang='lat' dir='ltr'><strong>paternis</strong></span> <span class='ocrx_word' id='word_1_151' title='bbox 1415 934 1564 992; x_wconf 88' lang='lat' dir='ltr'><strong>honoribus</strong></span> <span class='ocrx_word' id='word_1_152' title='bbox 1578 939 1716 994; x_wconf 82' lang='lat' dir='ltr'><strong>successio</strong></span> <span class='ocrx_word' id='word_1_153' title='bbox 1739 939 1811 995; x_wconf 86' lang='lat' dir='ltr'><strong>clara</strong></span> 
     </span>
     <span class='ocr_line' id='line_1_26' title="bbox 1014 1021 1812 1098; baseline 0.011 -23"><span class='ocrx_word' id='word_1_154' title='bbox 1014 1021 1136 1086; x_wconf 86' lang='lat' dir='ltr'><strong>laetetur,</strong></span> <span class='ocrx_word' id='word_1_155' title='bbox 1161 1031 1188 1078; x_wconf 92' lang='grc' dir='ltr'><strong>ιι</strong></span> <span class='ocrx_word' id='word_1_156' title='bbox 1207 1024 1257 1078; x_wconf 85' lang='lat' dir='ltr'><strong>sub</strong></span> <span class='ocrx_word' id='word_1_157' title='bbox 1271 1025 1350 1079; x_wconf 91' lang='lat' dir='ltr'><strong>nobis</strong></span> <span class='ocrx_word' id='word_1_158' title='bbox 1364 1026 1450 1095; x_wconf 91' lang='lat' dir='ltr'><strong>possit</strong></span> <span class='ocrx_word' id='word_1_159' title='bbox 1463 1027 1596 1096; x_wconf 88' lang='lat' dir='ltr'><strong>prolicere</strong></span> <span class='ocrx_word' id='word_1_160' title='bbox 1610 1028 1741 1098; x_wconf 87' lang='lat' dir='ltr'><strong>quidquid</strong></span> <span class='ocrx_word' id='word_1_161' title='bbox 1754 1044 1812 1085; x_wconf 91' lang='lat' dir='ltr'><strong>me·</strong></span> 
     </span>
     <span class='ocr_line' id='line_1_27' title="bbox 1013 1111 1813 1190; baseline 0.013 -25"><span class='ocrx_word' id='word_1_162' title='bbox 1013 1111 1069 1166; x_wconf 91' lang='lat' dir='ltr'><strong>ruit</strong></span> <span class='ocrx_word' id='word_1_163' title='bbox 1084 1111 1118 1166; x_wconf 89' lang='lat' dir='ltr'><strong>ad</strong></span> <span class='ocrx_word' id='word_1_164' title='bbox 1133 1122 1225 1167; x_wconf 85' lang='lat' dir='ltr'><strong>nostra</strong></span> <span class='ocrx_word' id='word_1_165' title='bbox 1240 1115 1337 1170; x_wconf 77' lang='lat' dir='ltr'><strong>saecula</strong></span> <span class='ocrx_word' id='word_1_166' title='bbox 1352 1116 1503 1185; x_wconf 80' lang='lat' dir='ltr'><strong>peruenire.</strong></span> <span class='ocrx_word' id='word_1_167' title='bbox 1525 1116 1707 1190; x_wconf 76' lang='lat' dir='ltr'><strong>Circumspice</strong></span> <span class='ocrx_word' id='word_1_168' title='bbox 1722 1120 1813 1189; x_wconf 89' lang='lat' dir='ltr'><strong>itaque</strong></span> 
     </span>
     <span class='ocr_line' id='line_1_28' title="bbox 1013 1205 1813 1277; baseline 0.009 -20"><span class='ocrx_word' id='word_1_169' title='bbox 1013 1217 1096 1273; x_wconf 88' lang='lat' dir='ltr'><strong>quam</strong></span> <span class='ocrx_word' id='word_1_170' title='bbox 1118 1218 1246 1273; x_wconf 84' lang='lat' dir='ltr'><strong>magnum</strong></span> <span class='ocrx_word' id='word_1_171' title='bbox 1266 1205 1302 1261; x_wconf 91' lang='lat' dir='ltr'><strong>sit</strong></span> <span class='ocrx_word' id='word_1_172' title='bbox 1325 1207 1480 1277; x_wconf 81' lang='lat' dir='ltr'><strong>primordiis</strong></span> <span class='ocrx_word' id='word_1_173' title='bbox 1503 1210 1556 1266; x_wconf 90' lang='lat' dir='ltr'><strong>tuis</strong></span> <span class='ocrx_word' id='word_1_174' title='bbox 1578 1226 1674 1272; x_wconf 80' lang='lat' dir='ltr'><strong>cartam</strong></span> <span class='ocrx_word' id='word_1_175' title='bbox 1698 1210 1813 1266; x_wconf 86' lang='lat' dir='ltr'><strong>Romam</strong></span> 
     </span>
     <span class='ocr_line' id='line_1_29' title="bbox 1012 1296 1813 1374; baseline 0.012 -23"><span class='ocrx_word' id='word_1_176' title='bbox 1012 1296 1134 1365; x_wconf 88' lang='lat' dir='ltr'><strong>potuisse</strong></span> <span class='ocrx_word' id='word_1_177' title='bbox 1144 1297 1292 1364; x_wconf 86' lang='lat' dir='ltr'><strong>corrrmitti;</strong></span> <span class='ocrx_word' id='word_1_178' title='bbox 1308 1306 1338 1353; x_wconf 92' lang='lat' dir='ltr'><strong>ut</strong></span> <span class='ocrx_word' id='word_1_179' title='bbox 1348 1298 1374 1352; x_wconf 91' lang='lat' dir='ltr'><strong>in</strong></span> <span class='ocrx_word' id='word_1_180' title='bbox 1389 1297 1435 1354; x_wconf 92' lang='lat' dir='ltr'><strong>illo</strong></span> <span class='ocrx_word' id='word_1_181' title='bbox 1450 1299 1616 1369; x_wconf 91' lang='lat' dir='ltr'><strong>amplissimo</strong></span> <span class='ocrx_word' id='word_1_182' title='bbox 1627 1310 1700 1359; x_wconf 88' lang='lat' dir='ltr'><strong>coetu</strong></span> <span class='ocrx_word' id='word_1_183' title='bbox 1712 1303 1813 1374; x_wconf 86' lang='lat' dir='ltr'><strong>judicis</strong></span> 
     </span>
     <span class='ocr_line' id='line_1_30' title="bbox 1014 1385 1813 1466; baseline 0.015 -26"><span class='ocrx_word' id='word_1_184' title='bbox 1014 1385 1132 1442; x_wconf 84' lang='lat' dir='ltr'><strong>videaris</strong></span> <span class='ocrx_word' id='word_1_185' title='bbox 1143 1389 1263 1443; x_wconf 89' lang='lat' dir='ltr'><strong>eminere</strong></span> <span class='ocrx_word' id='word_1_186' title='bbox 1275 1398 1412 1458; x_wconf 88' lang='lat' dir='ltr'><strong>suggestu,</strong></span> <span class='ocrx_word' id='word_1_187' title='bbox 1425 1390 1470 1446; x_wconf 91' lang='lat' dir='ltr'><strong>ubi</strong></span> <span class='ocrx_word' id='word_1_188' title='bbox 1481 1398 1522 1446; x_wconf 89' lang='lat' dir='ltr'><strong>est</strong></span> <span class='ocrx_word' id='word_1_189' title='bbox 1536 1390 1659 1456; x_wconf 88' lang='lat' dir='ltr'><strong>arduum,</strong></span> <span class='ocrx_word' id='word_1_190' title='bbox 1673 1397 1717 1450; x_wconf 86' lang='lat' dir='ltr'><strong>rel</strong></span> <span class='ocrx_word' id='word_1_191' title='bbox 1725 1395 1813 1466; x_wconf 90' lang='lat' dir='ltr'><strong>ipsum</strong></span> 
     </span>
     <span class='ocr_line' id='line_1_31' title="bbox 1014 1476 1814 1549; baseline 0.015 -20"><span class='ocrx_word' id='word_1_192' title='bbox 1014 1476 1139 1532; x_wconf 89' lang='lat' dir='ltr'><strong>oblinere</strong></span> <span class='ocrx_word' id='word_1_193' title='bbox 1151 1477 1307 1546; x_wconf 90' lang='lat' dir='ltr'><strong>collegium.</strong></span> <span class='ocrx_word' id='word_1_194' title='bbox 1323 1479 1408 1535; x_wconf 86' lang='lat' dir='ltr'><strong>Stude</strong></span> <span class='ocrx_word' id='word_1_195' title='bbox 1422 1495 1487 1549; x_wconf 90' lang='lat' dir='ltr'><strong>ergo</strong></span> <span class='ocrx_word' id='word_1_196' title='bbox 1501 1489 1531 1536; x_wconf 95' lang='lat' dir='ltr'><strong>ut</strong></span> <span class='ocrx_word' id='word_1_197' title='bbox 1544 1498 1559 1537; x_wconf 98' lang='lat' dir='ltr'><strong>a</strong></span> <span class='ocrx_word' id='word_1_198' title='bbox 1574 1484 1677 1540; x_wconf 89' lang='lat' dir='ltr'><strong>meritis</strong></span> <span class='ocrx_word' id='word_1_199' title='bbox 1692 1487 1745 1542; x_wconf 86' lang='lat' dir='ltr'><strong>tuis</strong></span> <span class='ocrx_word' id='word_1_200' title='bbox 1756 1488 1814 1543; x_wconf 84' lang='lat' dir='ltr'><strong>exi-</strong></span> 
     </span>
     <span class='ocr_line' id='line_1_32' title="bbox 1013 1568 1814 1642; baseline 0.016 -22"><span class='ocrx_word' id='word_1_201' title='bbox 1013 1579 1078 1634; x_wconf 83' lang='lat' dir='ltr'><strong>gere</strong></span> <span class='ocrx_word' id='word_1_202' title='bbox 1100 1568 1187 1639; x_wconf 90' lang='lat' dir='ltr'><strong>possis</strong></span> <span class='ocrx_word' id='word_1_203' title='bbox 1209 1569 1282 1639; x_wconf 92' lang='lat' dir='ltr'><strong>quod</strong></span> <span class='ocrx_word' id='word_1_204' title='bbox 1303 1585 1352 1625; x_wconf 90' lang='lat' dir='ltr'><strong>uos</strong></span> <span class='ocrx_word' id='word_1_205' title='bbox 1371 1572 1529 1641; x_wconf 77' lang='lat' dir='ltr'><strong>praestitisse</strong></span> <span class='ocrx_word' id='word_1_206' title='bbox 1544 1575 1695 1642; x_wconf 86' lang='lat' dir='ltr'><strong>cognoscis.</strong></span> <span class='ocrx_word' id='word_1_207' title='bbox 1723 1575 1814 1634; x_wconf 77' lang='lat' dir='ltr'><strong>Auara</strong></span> 
     </span>
    </p>
   </div>
   <div class='ocr_carea' id='block_1_11' title="bbox 156 1655 1815 1737">
    <p class='ocr_par' dir='ltr' id='par_1_11' title="bbox 156 1655 1815 1737">
     <span class='ocr_line' id='line_1_33' title="bbox 156 1655 1815 1737; baseline 0.007 -27"><span class='ocrx_word' id='word_1_208' title='bbox 156 1655 235 1710; x_wconf 82' lang='lat' dir='ltr'><strong>uenit</strong></span> <span class='ocrx_word' id='word_1_209' title='bbox 259 1656 476 1720; x_wconf 87' lang='lat' dir='ltr'><strong>incommodum,</strong></span> <span class='ocrx_word' id='word_1_210' title='bbox 500 1665 601 1712; x_wconf 82' lang='lat' dir='ltr'><strong>nostrae</strong></span> <span class='ocrx_word' id='word_1_211' title='bbox 621 1655 733 1726; x_wconf 73' lang='lat' dir='ltr'><strong>justitiae</strong></span> <span class='ocrx_word' id='word_1_212' title='bbox 752 1673 807 1714; x_wconf 90' lang='lat' dir='ltr'><strong>non</strong></span> <span class='ocrx_word' id='word_1_213' title='bbox 829 1660 961 1728; x_wconf 90' lang='lat' dir='ltr'><strong>probatur</strong></span> <span class='ocrx_word' id='word_1_214' title='bbox 977 1657 1085 1737; x_wconf 67' lang='lat' dir='ltr'><strong>pinge,</strong></span> <span class='ocrx_word' id='word_1_215' title='bbox 1106 1657 1179 1726; x_wconf 89' lang='lat' dir='ltr'><strong>justa</strong></span> <span class='ocrx_word' id='word_1_216' title='bbox 1200 1674 1326 1729; x_wconf 88' lang='lat' dir='ltr'><strong>sequere,</strong></span> <span class='ocrx_word' id='word_1_217' title='bbox 1346 1663 1468 1718; x_wconf 90' lang='lat' dir='ltr'><strong>modesta</strong></span> <span class='ocrx_word' id='word_1_218' title='bbox 1489 1664 1581 1733; x_wconf 89' lang='lat' dir='ltr'><strong>dilige,</strong></span> <span class='ocrx_word' id='word_1_219' title='bbox 1604 1665 1733 1721; x_wconf 87' lang='lat' dir='ltr'><strong>iracunda</strong></span> <span class='ocrx_word' id='word_1_220' title='bbox 1748 1683 1815 1724; x_wconf 89' lang='lat' dir='ltr'><strong>oon·</strong></span> 
     </span>
    </p>
   </div>
   <div class='ocr_carea' id='block_1_12' title="bbox 152 1746 963 3000">
    <p class='ocr_par' dir='ltr' id='par_1_12' title="bbox 152 1746 963 3000">
     <span class='ocr_line' id='line_1_34' title="bbox 157 1746 961 1820; baseline 0.011 -21"><span class='ocrx_word' id='word_1_221' title='bbox 157 1754 313 1816; x_wconf 85' lang='lat' dir='ltr'><strong>acceptum.</strong></span> <span class='ocrx_word' id='word_1_222' title='bbox 327 1746 357 1803; x_wconf 93' lang='lat' dir='ltr'><strong>ln</strong></span> <span class='ocrx_word' id='word_1_223' title='bbox 373 1748 521 1819; x_wconf 82' lang='lat' dir='ltr'><strong>municipio</strong></span> <span class='ocrx_word' id='word_1_224' title='bbox 534 1749 625 1819; x_wconf 92' lang='lat' dir='ltr'><strong>itaque</strong></span> <span class='ocrx_word' id='word_1_225' title='bbox 639 1759 730 1805; x_wconf 88' lang='lat' dir='ltr'><strong>vestro</strong></span> <span class='ocrx_word' id='word_1_226' title='bbox 739 1750 798 1806; x_wconf 92' lang='lat' dir='ltr'><strong>sine</strong></span> <span class='ocrx_word' id='word_1_227' title='bbox 810 1767 859 1806; x_wconf 89' lang='lat' dir='ltr'><strong>usu</strong></span> <span class='ocrx_word' id='word_1_228' title='bbox 869 1751 961 1820; x_wconf 78' lang='lat' dir='ltr'><strong>iacere</strong></span> 
     </span>
     <span class='ocr_line' id='line_1_35' title="bbox 156 1838 960 1910; baseline 0.005 -18"><span class='ocrx_word' id='word_1_229' title='bbox 156 1838 343 1907; x_wconf 85' lang='lat' dir='ltr'><strong>comperimus</strong></span> <span class='ocrx_word' id='word_1_230' title='bbox 364 1839 505 1895; x_wconf 91' lang='lat' dir='ltr'><strong>columnas</strong></span> <span class='ocrx_word' id='word_1_231' title='bbox 528 1846 557 1895; x_wconf 91' lang='lat' dir='ltr'><strong>et</strong></span> <span class='ocrx_word' id='word_1_232' title='bbox 577 1838 680 1910; x_wconf 87' lang='lat' dir='ltr'><strong>lapides</strong></span> <span class='ocrx_word' id='word_1_233' title='bbox 702 1842 846 1897; x_wconf 79' lang='lat' dir='ltr'><strong>vetustatis</strong></span> <span class='ocrx_word' id='word_1_234' title='bbox 860 1841 960 1896; x_wconf 78' lang='lat' dir='ltr'><strong>invidia</strong></span> 
     </span>
     <span class='ocr_line' id='line_1_36' title="bbox 156 1926 959 2002; baseline 0.006 -20"><span class='ocrx_word' id='word_1_235' title='bbox 156 1926 315 1983; x_wconf 89' lang='lat' dir='ltr'><strong>demolitos.</strong></span> <span class='ocrx_word' id='word_1_236' title='bbox 331 1927 364 1984; x_wconf 84' lang='lat' dir='ltr'><strong>Et</strong></span> <span class='ocrx_word' id='word_1_237' title='bbox 373 1930 436 1999; x_wconf 91' lang='lat' dir='ltr'><strong>quia</strong></span> <span class='ocrx_word' id='word_1_238' title='bbox 450 1929 578 1986; x_wconf 89' lang='lat' dir='ltr'><strong>indecore</strong></span> <span class='ocrx_word' id='word_1_239' title='bbox 591 1930 708 2000; x_wconf 85' lang='lat' dir='ltr'><strong>jacentia</strong></span> <span class='ocrx_word' id='word_1_240' title='bbox 723 1946 832 1987; x_wconf 88' lang='lat' dir='ltr'><strong>serrare</strong></span> <span class='ocrx_word' id='word_1_241' title='bbox 844 1931 881 1986; x_wconf 94' lang='lat' dir='ltr'><strong>nil</strong></span> <span class='ocrx_word' id='word_1_242' title='bbox 894 1948 959 2002; x_wconf 91' lang='lat' dir='ltr'><strong>pro-</strong></span> 
     </span>
     <span class='ocr_line' id='line_1_37' title="bbox 157 2014 960 2091; baseline 0.009 -24"><span class='ocrx_word' id='word_1_243' title='bbox 157 2014 226 2079; x_wconf 88' lang='lat' dir='ltr'><strong>licit,</strong></span> <span class='ocrx_word' id='word_1_244' title='bbox 236 2015 271 2069; x_wconf 91' lang='lat' dir='ltr'><strong>ad</strong></span> <span class='ocrx_word' id='word_1_245' title='bbox 278 2022 405 2071; x_wconf 88' lang='lat' dir='ltr'><strong>ornatum</strong></span> <span class='ocrx_word' id='word_1_246' title='bbox 415 2016 516 2073; x_wconf 85' lang='lat' dir='ltr'><strong>debent</strong></span> <span class='ocrx_word' id='word_1_247' title='bbox 524 2032 633 2087; x_wconf 89' lang='lat' dir='ltr'><strong>surgere</strong></span> <span class='ocrx_word' id='word_1_248' title='bbox 642 2019 799 2087; x_wconf 81' lang='lat' dir='ltr'><strong>redivivum,</strong></span> <span class='ocrx_word' id='word_1_249' title='bbox 813 2028 960 2091; x_wconf 88' lang='lat' dir='ltr'><strong>antequam</strong></span> 
     </span>
     <span class='ocr_line' id='line_1_38' title="bbox 156 2105 961 2180; baseline 0.005 -19"><span class='ocrx_word' id='word_1_250' title='bbox 156 2105 284 2162; x_wconf 88' lang='lat' dir='ltr'><strong>dolorem</strong></span> <span class='ocrx_word' id='word_1_251' title='bbox 296 2115 448 2163; x_wconf 89' lang='lat' dir='ltr'><strong>monstrare</strong></span> <span class='ocrx_word' id='word_1_252' title='bbox 463 2122 497 2163; x_wconf 83' lang='lat' dir='ltr'><strong>er</strong></span> <span class='ocrx_word' id='word_1_253' title='bbox 512 2109 643 2163; x_wconf 91' lang='lat' dir='ltr'><strong>memoria</strong></span> <span class='ocrx_word' id='word_1_254' title='bbox 655 2108 863 2180; x_wconf 77' lang='lat' dir='ltr'><strong>precedentium</strong></span> <span class='ocrx_word' id='word_1_255' title='bbox 875 2125 961 2166; x_wconf 75' lang='lat' dir='ltr'><strong>saecu·</strong></span> 
     </span>
     <span class='ocr_line' id='line_1_39' title="bbox 156 2196 958 2268; baseline 0.01 -18"><span class='ocrx_word' id='word_1_256' title='bbox 156 2196 258 2252; x_wconf 84' lang='lat' dir='ltr'><strong>lorum.</strong></span> <span class='ocrx_word' id='word_1_257' title='bbox 271 2196 362 2268; x_wconf 75' lang='lat' dir='ltr'><strong>Atque</strong></span> <span class='ocrx_word' id='word_1_258' title='bbox 381 2197 444 2254; x_wconf 92' lang='lat' dir='ltr'><strong>ideo</strong></span> <span class='ocrx_word' id='word_1_259' title='bbox 460 2199 586 2268; x_wconf 72' lang='lat' dir='ltr'><strong>presenti</strong></span> <span class='ocrx_word' id='word_1_260' title='bbox 601 2201 764 2256; x_wconf 85' lang='lat' dir='ltr'><strong>auctoritate</strong></span> <span class='ocrx_word' id='word_1_261' title='bbox 777 2200 958 2266; x_wconf 86' lang='lat' dir='ltr'><strong>decernimus,</strong></span> 
     </span>
     <span class='ocr_line' id='line_1_40' title="bbox 156 2288 959 2362; baseline 0.009 -21"><span class='ocrx_word' id='word_1_262' title='bbox 156 2295 195 2353; x_wconf 91' lang='lat' dir='ltr'><strong>ut,</strong></span> <span class='ocrx_word' id='word_1_263' title='bbox 211 2289 236 2343; x_wconf 84' lang='lat' dir='ltr'><strong>si</strong></span> <span class='ocrx_word' id='word_1_264' title='bbox 245 2303 311 2343; x_wconf 88' lang='lat' dir='ltr'><strong>rera</strong></span> <span class='ocrx_word' id='word_1_265' title='bbox 324 2288 390 2344; x_wconf 91' lang='lat' dir='ltr'><strong>lidcs</strong></span> <span class='ocrx_word' id='word_1_266' title='bbox 404 2297 446 2345; x_wconf 89' lang='lat' dir='ltr'><strong>cst</strong></span> <span class='ocrx_word' id='word_1_267' title='bbox 460 2291 671 2360; x_wconf 76' lang='lat' dir='ltr'><strong>suggerentium,</strong></span> <span class='ocrx_word' id='word_1_268' title='bbox 681 2307 731 2347; x_wconf 90' lang='lat' dir='ltr'><strong>nec</strong></span> <span class='ocrx_word' id='word_1_269' title='bbox 742 2289 844 2362; x_wconf 90' lang='lat' dir='ltr'><strong>aliquid</strong></span> <span class='ocrx_word' id='word_1_270' title='bbox 852 2291 959 2361; x_wconf 89' lang='lat' dir='ltr'><strong>publico</strong></span> 
     </span>
     <span class='ocr_line' id='line_1_41' title="bbox 156 2378 960 2451; baseline 0.005 -18"><span class='ocrx_word' id='word_1_271' title='bbox 156 2393 230 2435; x_wconf 90' lang='lat' dir='ltr'><strong>nunc</strong></span> <span class='ocrx_word' id='word_1_272' title='bbox 246 2380 356 2434; x_wconf 91' lang='lat' dir='ltr'><strong>ornatui</strong></span> <span class='ocrx_word' id='word_1_273' title='bbox 371 2378 503 2451; x_wconf 90' lang='lat' dir='ltr'><strong>probatur</strong></span> <span class='ocrx_word' id='word_1_274' title='bbox 516 2382 736 2448; x_wconf 88' lang='lat' dir='ltr'><strong>accommodum,</strong></span> <span class='ocrx_word' id='word_1_275' title='bbox 760 2396 841 2451; x_wconf 87' lang='lat' dir='ltr'><strong>snpra</strong></span> <span class='ocrx_word' id='word_1_276' title='bbox 856 2396 960 2437; x_wconf 75' lang='lat' dir='ltr'><strong>meme</strong></span> 
     </span>
     <span class='ocr_line' id='line_1_42' title="bbox 156 2470 959 2542; baseline 0.002 -17"><span class='ocrx_word' id='word_1_277' title='bbox 156 2479 231 2526; x_wconf 88' lang='lat' dir='ltr'><strong>ratas</strong></span> <span class='ocrx_word' id='word_1_278' title='bbox 244 2470 391 2542; x_wconf 89' lang='lat' dir='ltr'><strong>platomas,</strong></span> <span class='ocrx_word' id='word_1_279' title='bbox 407 2471 449 2527; x_wconf 82' lang='lat' dir='ltr'><strong>rel</strong></span> <span class='ocrx_word' id='word_1_280' title='bbox 463 2472 604 2528; x_wconf 91' lang='lat' dir='ltr'><strong>columnas</strong></span> <span class='ocrx_word' id='word_1_281' title='bbox 617 2473 651 2528; x_wconf 93' lang='lat' dir='ltr'><strong>ad</strong></span> <span class='ocrx_word' id='word_1_282' title='bbox 666 2472 851 2528; x_wconf 78' lang='lat' dir='ltr'><strong>Ravennatem</strong></span> <span class='ocrx_word' id='word_1_283' title='bbox 865 2473 959 2528; x_wconf 87' lang='lat' dir='ltr'><strong>cirita-</strong></span> 
     </span>
     <span class='ocr_line' id='line_1_43' title="bbox 156 2560 963 2635; baseline 0.002 -19"><span class='ocrx_word' id='word_1_284' title='bbox 156 2570 211 2616; x_wconf 89' lang='lat' dir='ltr'><strong>tem</strong></span> <span class='ocrx_word' id='word_1_285' title='bbox 227 2561 375 2617; x_wconf 91' lang='lat' dir='ltr'><strong>contradat</strong></span> <span class='ocrx_word' id='word_1_286' title='bbox 397 2562 456 2635; x_wconf 82' lang='lat' dir='ltr'><strong>[ed.</strong></span> <span class='ocrx_word' id='word_1_287' title='bbox 470 2561 497 2616; x_wconf 85' lang='grc' dir='ltr'><em>Ν</em></span> <span class='ocrx_word' id='word_1_288' title='bbox 501 2563 532 2617; x_wconf 85' lang='lat' dir='ltr'><strong>io.</strong></span> <span class='ocrx_word' id='word_1_289' title='bbox 548 2573 572 2617; x_wconf 88' lang='lat' dir='ltr'><strong>et</strong></span> <span class='ocrx_word' id='word_1_290' title='bbox 588 2561 682 2631; x_wconf 78' lang='lat' dir='ltr'><strong>Gom,</strong></span> <span class='ocrx_word' id='word_1_291' title='bbox 697 2560 857 2633; x_wconf 80' lang='lat' dir='ltr'><strong>contrabat]</strong></span> <span class='ocrx_word' id='word_1_292' title='bbox 876 2562 963 2618; x_wconf 90' lang='lat' dir='ltr'><strong>modis</strong></span> 
     </span>
     <span class='ocr_line' id='line_1_44' title="bbox 153 2651 961 2724; baseline -0.002 -16"><span class='ocrx_word' id='word_1_293' title='bbox 153 2654 287 2709; x_wconf 83' lang='lat' dir='ltr'><strong>omnibus</strong></span> <span class='ocrx_word' id='word_1_294' title='bbox 297 2653 488 2720; x_wconf 73' lang='lat' dir='ltr'><strong>devellendas3</strong></span> <span class='ocrx_word' id='word_1_295' title='bbox 505 2663 534 2709; x_wconf 91' lang='grc' dir='ltr'><strong>ιιι</strong></span> <span class='ocrx_word' id='word_1_296' title='bbox 547 2654 673 2724; x_wconf 83' lang='lat' dir='ltr'><strong>collapsis</strong></span> <span class='ocrx_word' id='word_1_297' title='bbox 688 2652 804 2708; x_wconf 89' lang='lat' dir='ltr'><strong>metallis</strong></span> <span class='ocrx_word' id='word_1_298' title='bbox 818 2651 961 2708; x_wconf 87' lang='lat' dir='ltr'><strong>obliterata</strong></span> 
     </span>
     <span class='ocr_line' id='line_1_45' title="bbox 152 2742 962 2817; baseline -0.004 -18"><span class='ocrx_word' id='word_1_299' title='bbox 152 2742 832 2817; x_wconf 52' lang='lat' dir='ltr'><strong>Moefflmmmmdesmepstcnrntmm</strong></span> <span class='ocrx_word' id='word_1_300' title='bbox 855 2750 884 2797; x_wconf 93' lang='lat' dir='ltr'><strong>et</strong></span> <span class='ocrx_word' id='word_1_301' title='bbox 902 2757 962 2813; x_wconf 79' lang='lat' dir='ltr'><strong>quae</strong></span> 
     </span>
     <span class='ocr_line' id='line_1_46' title="bbox 154 2832 963 2906; baseline -0.004 -14"><span class='ocrx_word' id='word_1_302' title='bbox 154 2838 209 2892; x_wconf 87' lang='lat' dir='ltr'><strong>situ</strong></span> <span class='ocrx_word' id='word_1_303' title='bbox 222 2835 334 2892; x_wconf 81' lang='lat' dir='ltr'><strong>fuerant</strong></span> <span class='ocrx_word' id='word_1_304' title='bbox 347 2836 480 2903; x_wconf 84' lang='lat' dir='ltr'><strong>obscura,</strong></span> <span class='ocrx_word' id='word_1_305' title='bbox 496 2835 599 2906; x_wconf 80' lang='lat' dir='ltr'><strong>antiqui</strong></span> <span class='ocrx_word' id='word_1_306' title='bbox 615 2835 712 2890; x_wconf 91' lang='lat' dir='ltr'><strong>nitoris</strong></span> <span class='ocrx_word' id='word_1_307' title='bbox 726 2833 830 2905; x_wconf 89' lang='lat' dir='ltr'><strong>possint</strong></span> <span class='ocrx_word' id='word_1_308' title='bbox 840 2832 963 2904; x_wconf 87' lang='lat' dir='ltr'><strong>recipere</strong></span> 
     </span>
     <span class='ocr_line' id='line_1_47' title="bbox 155 2929 333 3000; baseline -0.011 -15"><span class='ocrx_word' id='word_1_309' title='bbox 155 2929 333 3000; x_wconf 80' lang='lat' dir='ltr'><strong>qualitatem.</strong></span> 
     </span>
    </p>
   </div>
   <div class='ocr_carea' id='block_1_13' title="bbox 448 3059 662 3118">
    <p class='ocr_par' dir='ltr' id='par_1_13' title="bbox 448 3059 662 3118">
     <span class='ocr_line' id='line_1_48' title="bbox 448 3059 662 3118; baseline -0.009 -2"><span class='ocrx_word' id='word_1_310' title='bbox 448 3059 615 3118; x_wconf 77' lang='lat' dir='ltr'><strong>setsrdtn</strong></span> <span class='ocrx_word' id='word_1_311' title='bbox 630 3060 662 3115; x_wconf 81' lang='lat' dir='ltr'><strong>X.</strong></span> 
     </span>
    </p>
   </div>
   <div class='ocr_carea' id='block_1_14' title="bbox 182 3167 933 3220">
    <p class='ocr_par' dir='ltr' id='par_1_14' title="bbox 182 3167 933 3220">
     <span class='ocr_line' id='line_1_49' title="bbox 182 3167 933 3220; baseline -0.009 -7"><span class='ocrx_word' id='word_1_312' title='bbox 182 3172 275 3213; x_wconf 69' lang='lat' dir='ltr'><strong>resto</strong></span> <span class='ocrx_word' id='word_1_313' title='bbox 294 3170 356 3211; x_wconf 73' lang='lat' dir='ltr'><strong>litto</strong></span> <span class='ocrx_word' id='word_1_314' title='bbox 374 3169 506 3219; x_wconf 81' lang='lat' dir='ltr'><strong>tttttsrttt,</strong></span> <span class='ocrx_word' id='word_1_315' title='bbox 523 3170 655 3220; x_wconf 72' lang='grc' dir='ltr'>ΡΛΤΒΙΕΙΟ,</span> <span class='ocrx_word' id='word_1_316' title='bbox 672 3167 856 3209; x_wconf 74' lang='lat' dir='ltr'><strong>THEODORiCUS</strong></span> <span class='ocrx_word' id='word_1_317' title='bbox 869 3169 933 3208; x_wconf 74' lang='lat' dir='ltr'><strong>lter.</strong></span> 
     </span>
    </p>
   </div>
   <div class='ocr_carea' id='block_1_15' title="bbox 156 3243 962 3386">
    <p class='ocr_par' dir='ltr' id='par_1_15' title="bbox 156 3243 962 3386">
     <span class='ocr_line' id='line_1_50' title="bbox 156 3243 962 3303; baseline -0.007 0"><span class='ocrx_word' id='word_1_318' title='bbox 156 3247 238 3303; x_wconf 74' lang='lat' dir='ltr'><strong>dubet</strong></span> <span class='ocrx_word' id='word_1_319' title='bbox 263 3255 293 3299; x_wconf 85' lang='grc' dir='ltr'><strong>ιιι</strong></span> <span class='ocrx_word' id='word_1_320' title='bbox 306 3261 438 3301; x_wconf 79' lang='lat' dir='ltr'><strong>menoare</strong></span> <span class='ocrx_word' id='word_1_321' title='bbox 456 3247 561 3300; x_wconf 86' lang='lat' dir='ltr'><strong>edoma</strong></span> <span class='ocrx_word' id='word_1_322' title='bbox 582 3243 711 3298; x_wconf 76' lang='lat' dir='ltr'><strong>Pisciana</strong></span> <span class='ocrx_word' id='word_1_323' title='bbox 732 3245 760 3296; x_wconf 90' lang='lat' dir='ltr'><strong>in</strong></span> <span class='ocrx_word' id='word_1_324' title='bbox 784 3243 962 3297; x_wconf 80' lang='lat' dir='ltr'><strong>Rauennatem</strong></span> 
     </span>
     <span class='ocr_line' id='line_1_51' title="bbox 301 3314 821 3386; baseline -0.004 -18"><span class='ocrx_word' id='word_1_325' title='bbox 301 3316 388 3370; x_wconf 78' lang='lat' dir='ltr'><strong>crient</strong></span> <span class='ocrx_word' id='word_1_326' title='bbox 402 3331 448 3386; x_wconf 85' lang='lat' dir='ltr'><strong>per</strong></span> <span class='ocrx_word' id='word_1_327' title='bbox 466 3315 644 3370; x_wconf 81' lang='lat' dir='ltr'><strong>catabulenses</strong></span> <span class='ocrx_word' id='word_1_328' title='bbox 660 3314 821 3385; x_wconf 69' lang='lat' dir='ltr'><strong>delerentur.</strong></span> 
     </span>
    </p>
   </div>
   <div class='ocr_carea' id='block_1_16' title="bbox 156 3404 965 4472">
    <p class='ocr_par' dir='ltr' id='par_1_16' title="bbox 156 3404 965 4472">
     <span class='ocr_line' id='line_1_52' title="bbox 193 3404 963 3480; baseline -0.009 -13"><span class='ocrx_word' id='word_1_329' title='bbox 193 3411 281 3466; x_wconf 81' lang='lat' dir='ltr'><strong>Decet</strong></span> <span class='ocrx_word' id='word_1_330' title='bbox 296 3408 466 3480; x_wconf 88' lang='lat' dir='ltr'><strong>prudentiam</strong></span> <span class='ocrx_word' id='word_1_331' title='bbox 483 3418 601 3463; x_wconf 81' lang='lat' dir='ltr'><strong>vestram</strong></span> <span class='ocrx_word' id='word_1_332' title='bbox 615 3406 641 3462; x_wconf 94' lang='lat' dir='ltr'><strong>in</strong></span> <span class='ocrx_word' id='word_1_333' title='bbox 659 3406 789 3474; x_wconf 85' lang='lat' dir='ltr'><strong>augendis</strong></span> <span class='ocrx_word' id='word_1_334' title='bbox 800 3404 908 3460; x_wconf 79' lang='lat' dir='ltr'><strong>lubricis</strong></span> <span class='ocrx_word' id='word_1_335' title='bbox 920 3420 963 3460; x_wconf 89' lang='lat' dir='ltr'><strong>re·</strong></span> 
     </span>
     <span class='ocr_line' id='line_1_53' title="bbox 156 3493 962 3573; baseline -0.012 -16"><span class='ocrx_word' id='word_1_336' title='bbox 156 3503 266 3573; x_wconf 83' lang='lat' dir='ltr'><strong>galibus</strong></span> <span class='ocrx_word' id='word_1_337' title='bbox 276 3502 467 3569; x_wconf 86' lang='lat' dir='ltr'><strong>obterrrperare</strong></span> <span class='ocrx_word' id='word_1_338' title='bbox 480 3497 628 3568; x_wconf 87' lang='lat' dir='ltr'><strong>dispositis,</strong></span> <span class='ocrx_word' id='word_1_339' title='bbox 644 3496 706 3565; x_wconf 81' lang='lat' dir='ltr'><strong>quia</strong></span> <span class='ocrx_word' id='word_1_340' title='bbox 721 3494 880 3550; x_wconf 83' lang='lat' dir='ltr'><strong>nobilissimi</strong></span> <span class='ocrx_word' id='word_1_341' title='bbox 895 3493 962 3548; x_wconf 87' lang='lat' dir='ltr'><strong>ciris</strong></span> 
     </span>
     <span class='ocr_line' id='line_1_54' title="bbox 157 3582 964 3662; baseline -0.015 -15"><span class='ocrx_word' id='word_1_342' title='bbox 157 3601 202 3647; x_wconf 82' lang='lat' dir='ltr'><strong>est</strong></span> <span class='ocrx_word' id='word_1_343' title='bbox 220 3590 318 3662; x_wconf 79' lang='lat' dir='ltr'><strong>patrie</strong></span> <span class='ocrx_word' id='word_1_344' title='bbox 338 3604 393 3644; x_wconf 79' lang='lat' dir='ltr'><strong>sum</strong></span> <span class='ocrx_word' id='word_1_345' title='bbox 407 3596 551 3658; x_wconf 89' lang='lat' dir='ltr'><strong>augmenta</strong></span> <span class='ocrx_word' id='word_1_346' title='bbox 563 3586 699 3655; x_wconf 88' lang='lat' dir='ltr'><strong>cogitare,</strong></span> <span class='ocrx_word' id='word_1_347' title='bbox 715 3583 833 3637; x_wconf 84' lang='lat' dir='ltr'><strong>maxime</strong></span> <span class='ocrx_word' id='word_1_348' title='bbox 852 3597 913 3638; x_wconf 84' lang='grc' dir='ltr'>ιιιιιι</span> <span class='ocrx_word' id='word_1_349' title='bbox 928 3582 964 3636; x_wconf 88' lang='lat' dir='ltr'><strong>sit</strong></span> 
     </span>
     <span class='ocr_line' id='line_1_55' title="bbox 158 3677 965 3748; baseline -0.014 -9"><span class='ocrx_word' id='word_1_350' title='bbox 158 3681 245 3739; x_wconf 89' lang='lat' dir='ltr'><strong>studii</strong></span> <span class='ocrx_word' id='word_1_351' title='bbox 261 3681 345 3738; x_wconf 90' lang='lat' dir='ltr'><strong>nostri</strong></span> <span class='ocrx_word' id='word_1_352' title='bbox 355 3679 399 3735; x_wconf 91' lang='lat' dir='ltr'><strong>illa</strong></span> <span class='ocrx_word' id='word_1_353' title='bbox 410 3679 569 3745; x_wconf 86' lang='lat' dir='ltr'><strong>decernere,</strong></span> <span class='ocrx_word' id='word_1_354' title='bbox 581 3677 679 3748; x_wconf 86' lang='lat' dir='ltr'><strong>quibus</strong></span> <span class='ocrx_word' id='word_1_355' title='bbox 692 3687 804 3731; x_wconf 88' lang='lat' dir='ltr'><strong>cunctos</strong></span> <span class='ocrx_word' id='word_1_356' title='bbox 818 3683 912 3731; x_wconf 90' lang='lat' dir='ltr'><strong>notum</strong></span> <span class='ocrx_word' id='word_1_357' title='bbox 923 3683 965 3730; x_wconf 92' lang='lat' dir='ltr'><strong>est</strong></span> 
     </span>
     <span class='ocr_line' id='line_1_56' title="bbox 162 3767 963 3843; baseline -0.009 -12"><span class='ocrx_word' id='word_1_358' title='bbox 162 3777 224 3831; x_wconf 86' lang='lat' dir='ltr'><strong>siae</strong></span> <span class='ocrx_word' id='word_1_359' title='bbox 239 3774 298 3829; x_wconf 89' lang='lat' dir='ltr'><strong>suis</strong></span> <span class='ocrx_word' id='word_1_360' title='bbox 311 3772 460 3843; x_wconf 84' lang='lat' dir='ltr'><strong>dispendiis</strong></span> <span class='ocrx_word' id='word_1_361' title='bbox 471 3771 593 3828; x_wconf 91' lang='lat' dir='ltr'><strong>obedire.</strong></span> <span class='ocrx_word' id='word_1_362' title='bbox 609 3770 697 3840; x_wconf 79' lang='lat' dir='ltr'><strong>litque</strong></span> <span class='ocrx_word' id='word_1_363' title='bbox 711 3769 772 3824; x_wconf 90' lang='lat' dir='ltr'><strong>ideo</strong></span> <span class='ocrx_word' id='word_1_364' title='bbox 786 3767 963 3838; x_wconf 88' lang='lat' dir='ltr'><strong>magnitudini</strong></span> 
     </span>
     <span class='ocr_line' id='line_1_57' title="bbox 160 3862 963 3936; baseline -0.01 -14"><span class='ocrx_word' id='word_1_365' title='bbox 160 3875 215 3923; x_wconf 78' lang='grc' dir='ltr'>ιιιιι</span> <span class='ocrx_word' id='word_1_366' title='bbox 231 3864 356 3936; x_wconf 72' lang='lat' dir='ltr'><strong>presenti</strong></span> <span class='ocrx_word' id='word_1_367' title='bbox 377 3864 562 3920; x_wconf 84' lang='lat' dir='ltr'><strong>admonitione</strong></span> <span class='ocrx_word' id='word_1_368' title='bbox 583 3862 753 3919; x_wconf 85' lang='lat' dir='ltr'><strong>declaramus</strong></span> <span class='ocrx_word' id='word_1_369' title='bbox 776 3869 806 3915; x_wconf 91' lang='lat' dir='ltr'><strong>ut</strong></span> <span class='ocrx_word' id='word_1_370' title='bbox 827 3874 963 3916; x_wconf 86' lang='lat' dir='ltr'><strong>marmora</strong></span> 
     </span>
     <span class='ocr_line' id='line_1_58' title="bbox 160 3949 964 4030; baseline -0.01 -17"><span class='ocrx_word' id='word_1_371' title='bbox 160 3973 223 4030; x_wconf 76' lang='lat' dir='ltr'><strong>qnae</strong></span> <span class='ocrx_word' id='word_1_372' title='bbox 234 3957 269 4011; x_wconf 92' lang='lat' dir='ltr'><strong>de</strong></span> <span class='ocrx_word' id='word_1_373' title='bbox 280 3956 360 4011; x_wconf 90' lang='lat' dir='ltr'><strong>domo</strong></span> <span class='ocrx_word' id='word_1_374' title='bbox 373 3954 502 4010; x_wconf 86' lang='lat' dir='ltr'><strong>Pinciana</strong></span> <span class='ocrx_word' id='word_1_375' title='bbox 518 3954 570 4027; x_wconf 84' lang='lat' dir='ltr'><strong>[ed.</strong></span> <span class='ocrx_word' id='word_1_376' title='bbox 581 3951 642 4008; x_wconf 76' lang='lat' dir='ltr'><strong>Nili.</strong></span> <span class='ocrx_word' id='word_1_377' title='bbox 655 3965 680 4006; x_wconf 87' lang='lat' dir='ltr'><strong>er</strong></span> <span class='ocrx_word' id='word_1_378' title='bbox 691 3950 781 4019; x_wconf 72' lang='lat' dir='ltr'><strong>Genu„</strong></span> <span class='ocrx_word' id='word_1_379' title='bbox 795 3949 964 4024; x_wconf 89' lang='lat' dir='ltr'><strong>Pinciniana]</strong></span> 
     </span>
     <span class='ocr_line' id='line_1_59' title="bbox 161 4041 963 4116; baseline -0.007 -13"><span class='ocrx_word' id='word_1_380' title='bbox 161 4054 273 4104; x_wconf 85' lang='lat' dir='ltr'><strong>constat</strong></span> <span class='ocrx_word' id='word_1_381' title='bbox 295 4060 356 4101; x_wconf 81' lang='lat' dir='ltr'><strong>esse</strong></span> <span class='ocrx_word' id='word_1_382' title='bbox 373 4046 506 4116; x_wconf 88' lang='lat' dir='ltr'><strong>deposita,</strong></span> <span class='ocrx_word' id='word_1_383' title='bbox 532 4044 565 4097; x_wconf 89' lang='lat' dir='ltr'><strong>ad</strong></span> <span class='ocrx_word' id='word_1_384' title='bbox 588 4042 772 4097; x_wconf 81' lang='lat' dir='ltr'><strong>Ravennatem</strong></span> <span class='ocrx_word' id='word_1_385' title='bbox 796 4041 889 4095; x_wconf 89' lang='lat' dir='ltr'><strong>urbem</strong></span> <span class='ocrx_word' id='word_1_386' title='bbox 914 4056 963 4112; x_wconf 91' lang='lat' dir='ltr'><strong>per</strong></span> 
     </span>
     <span class='ocr_line' id='line_1_60' title="bbox 162 4132 962 4202; baseline -0.011 -5"><span class='ocrx_word' id='word_1_387' title='bbox 162 4139 355 4197; x_wconf 78' lang='lat' dir='ltr'><strong>catabulenses</strong></span> <span class='ocrx_word' id='word_1_388' title='bbox 371 4148 384 4175; x_wconf 69' lang='grc' dir='ltr'><strong>ι</strong></span> <span class='ocrx_word' id='word_1_389' title='bbox 404 4147 495 4194; x_wconf 83' lang='lat' dir='ltr'><strong>restra</strong></span> <span class='ocrx_word' id='word_1_390' title='bbox 520 4135 691 4192; x_wconf 90' lang='lat' dir='ltr'><strong>ordinatione</strong></span> <span class='ocrx_word' id='word_1_391' title='bbox 709 4133 868 4202; x_wconf 87' lang='lat' dir='ltr'><strong>dirigantur.</strong></span> <span class='ocrx_word' id='word_1_392' title='bbox 892 4132 962 4189; x_wconf 88' lang='lat' dir='ltr'><strong>Sub·</strong></span> 
     </span>
     <span class='ocr_line' id='line_1_61' title="bbox 161 4224 962 4298; baseline -0.007 -12"><span class='ocrx_word' id='word_1_393' title='bbox 161 4240 273 4288; x_wconf 84' lang='lat' dir='ltr'><strong>rectum</strong></span> <span class='ocrx_word' id='word_1_394' title='bbox 287 4245 353 4285; x_wconf 78' lang='lat' dir='ltr'><strong>sero</strong></span> <span class='ocrx_word' id='word_1_395' title='bbox 367 4229 514 4284; x_wconf 84' lang='lat' dir='ltr'><strong>direximus</strong></span> <span class='ocrx_word' id='word_1_396' title='bbox 526 4228 560 4282; x_wconf 90' lang='lat' dir='ltr'><strong>de</strong></span> <span class='ocrx_word' id='word_1_397' title='bbox 571 4224 706 4298; x_wconf 68' lang='lat' dir='ltr'><strong>praesenti,</strong></span> <span class='ocrx_word' id='word_1_398' title='bbox 718 4239 753 4281; x_wconf 93' lang='lat' dir='ltr'><strong>ne</strong></span> <span class='ocrx_word' id='word_1_399' title='bbox 766 4232 813 4279; x_wconf 90' lang='lat' dir='ltr'><strong>aut</strong></span> <span class='ocrx_word' id='word_1_400' title='bbox 823 4239 899 4281; x_wconf 90' lang='lat' dir='ltr'><strong>mora</strong></span> <span class='ocrx_word' id='word_1_401' title='bbox 912 4240 962 4280; x_wconf 87' lang='lat' dir='ltr'><strong>no·</strong></span> 
     </span>
     <span class='ocr_line' id='line_1_62' title="bbox 161 4314 963 4392; baseline -0.012 -11"><span class='ocrx_word' id='word_1_402' title='bbox 161 4326 228 4382; x_wconf 88' lang='lat' dir='ltr'><strong>stris</strong></span> <span class='ocrx_word' id='word_1_403' title='bbox 240 4321 458 4379; x_wconf 88' lang='lat' dir='ltr'><strong>ordinationibus</strong></span> <span class='ocrx_word' id='word_1_404' title='bbox 472 4320 640 4392; x_wconf 84' lang='lat' dir='ltr'><strong>proveniret,</strong></span> <span class='ocrx_word' id='word_1_405' title='bbox 649 4325 696 4374; x_wconf 91' lang='lat' dir='ltr'><strong>aut</strong></span> <span class='ocrx_word' id='word_1_406' title='bbox 709 4317 864 4373; x_wconf 82' lang='lat' dir='ltr'><strong>laborantes</strong></span> <span class='ocrx_word' id='word_1_407' title='bbox 874 4314 963 4386; x_wconf 89' lang='lat' dir='ltr'><strong>aliqua</strong></span> 
     </span>
     <span class='ocr_line' id='line_1_63' title="bbox 161 4412 485 4472; baseline -0.022 0"><span class='ocrx_word' id='word_1_408' title='bbox 161 4414 329 4472; x_wconf 85' lang='lat' dir='ltr'><strong>detrimenta</strong></span> <span class='ocrx_word' id='word_1_409' title='bbox 342 4412 485 4468; x_wconf 88' lang='lat' dir='ltr'><strong>sentirent.</strong></span> 
     </span>
    </p>
   </div>
   <div class='ocr_carea' id='block_1_17' title="bbox 418 4540 712 4617">
    <p class='ocr_par' dir='ltr' id='par_1_17' title="bbox 418 4540 712 4617">
     <span class='ocr_line' id='line_1_64' title="bbox 418 4540 712 4617; baseline -0.014 -18"><span class='ocrx_word' id='word_1_410' title='bbox 418 4540 655 4617; x_wconf 71' lang='lat' dir='ltr'><strong>gqsrrsrom</strong></span> <span class='ocrx_word' id='word_1_411' title='bbox 667 4540 712 4596; x_wconf 88' lang='grc' dir='ltr'><strong>ιι.</strong></span> 
     </span>
    </p>
   </div>
   <div class='ocr_carea' id='block_1_18' title="bbox 165 4645 966 4761">
    <p class='ocr_par' dir='ltr' id='par_1_18' title="bbox 165 4645 966 4761">
     <span class='ocr_line' id='line_1_65' title="bbox 165 4645 966 4702; baseline -0.011 -7"><span class='ocrx_word' id='word_1_412' title='bbox 165 4654 301 4696; x_wconf 74' lang='lat' dir='ltr'><strong>sscottco</strong></span> <span class='ocrx_word' id='word_1_413' title='bbox 312 4652 372 4693; x_wconf 85' lang='lat' dir='ltr'><strong>t&#39;ltto</strong></span> <span class='ocrx_word' id='word_1_414' title='bbox 380 4653 510 4702; x_wconf 60' lang='lat' dir='ltr'><strong>rutilaret,</strong></span> <span class='ocrx_word' id='word_1_415' title='bbox 523 4649 670 4691; x_wconf 76' lang='lat' dir='ltr'><strong>PRAEFECTQ</strong></span> <span class='ocrx_word' id='word_1_416' title='bbox 681 4645 766 4698; x_wconf 77' lang='lat' dir='ltr'><strong>ttttbts,</strong></span> <span class='ocrx_word' id='word_1_417' title='bbox 781 4645 966 4688; x_wconf 71' lang='lat' dir='ltr'><strong>resonemus</strong></span> 
     </span>
     <span class='ocr_line' id='line_1_66' title="bbox 534 4722 599 4761; baseline -0.031 0"><span class='ocrx_word' id='word_1_418' title='bbox 534 4722 599 4761; x_wconf 75' lang='lat' dir='ltr'><strong>REX.</strong></span> 
     </span>
    </p>
   </div>
   <div class='ocr_carea' id='block_1_19' title="bbox 164 4794 965 4994">
    <p class='ocr_par' dir='ltr' id='par_1_19' title="bbox 164 4794 965 4994">
     <span class='ocr_line' id='line_1_67' title="bbox 164 4794 965 4870; baseline -0.011 -14"><span class='ocrx_word' id='word_1_419' title='bbox 164 4799 333 4870; x_wconf 74' lang='lat' dir='ltr'><strong>Profectum</strong></span> <span class='ocrx_word' id='word_1_420' title='bbox 344 4797 445 4852; x_wconf 77' lang='lat' dir='ltr'><strong>urbano</strong></span> <span class='ocrx_word' id='word_1_421' title='bbox 458 4797 498 4852; x_wconf 91' lang='lat' dir='ltr'><strong>illi</strong></span> <span class='ocrx_word' id='word_1_422' title='bbox 517 4797 665 4867; x_wconf 75' lang='lat' dir='ltr'><strong>corrserlur,</strong></span> <span class='ocrx_word' id='word_1_423' title='bbox 679 4804 704 4849; x_wconf 89' lang='lat' dir='ltr'><strong>et</strong></span> <span class='ocrx_word' id='word_1_424' title='bbox 718 4794 895 4866; x_wconf 70' lang='lat' dir='ltr'><strong>praetereat!</strong></span> <span class='ocrx_word' id='word_1_425' title='bbox 907 4809 965 4848; x_wconf 88' lang='lat' dir='ltr'><strong>ecm</strong></span> 
     </span>
     <span class='ocr_line' id='line_1_68' title="bbox 201 4863 965 4942; baseline -0.009 -18"><span class='ocrx_word' id='word_1_426' title='bbox 201 4873 357 4942; x_wconf 79' lang='lat' dir='ltr'><strong>diqrritutem</strong></span> <span class='ocrx_word' id='word_1_427' title='bbox 379 4867 545 4924; x_wconf 79' lang='lat' dir='ltr'><strong>tardubiliter</strong></span> <span class='ocrx_word' id='word_1_428' title='bbox 557 4864 727 4921; x_wconf 70' lang='lat' dir='ltr'><strong>exercendem</strong></span> <span class='ocrx_word' id='word_1_429' title='bbox 741 4866 841 4921; x_wconf 77' lang='lat' dir='ltr'><strong>monita</strong></span> <span class='ocrx_word' id='word_1_430' title='bbox 856 4863 965 4919; x_wconf 81' lang='lat' dir='ltr'><strong>trudan·</strong></span> 
     </span>
     <span class='ocr_line' id='line_1_69' title="bbox 203 4953 255 4994; baseline 0 0"><span class='ocrx_word' id='word_1_431' title='bbox 203 4953 255 4994; x_wconf 82' lang='lat' dir='ltr'><strong>tur.</strong></span> 
     </span>
    </p>
   </div>
   <div class='ocr_carea' id='block_1_20' title="bbox 162 5023 967 5377">
    <p class='ocr_par' dir='ltr' id='par_1_20' title="bbox 162 5023 967 5377">
     <span class='ocr_line' id='line_1_70' title="bbox 202 5023 967 5104; baseline -0.01 -16"><span class='ocrx_word' id='word_1_432' title='bbox 202 5033 338 5104; x_wconf 82' lang='lat' dir='ltr'><strong>Optamus</strong></span> <span class='ocrx_word' id='word_1_433' title='bbox 359 5039 486 5089; x_wconf 90' lang='lat' dir='ltr'><strong>cunctum</strong></span> <span class='ocrx_word' id='word_1_434' title='bbox 500 5029 571 5084; x_wconf 90' lang='lat' dir='ltr'><strong>diem</strong></span> <span class='ocrx_word' id='word_1_435' title='bbox 586 5028 696 5099; x_wconf 91' lang='lat' dir='ltr'><strong>plenum</strong></span> <span class='ocrx_word' id='word_1_436' title='bbox 711 5023 849 5083; x_wconf 83' lang='lat' dir='ltr'><strong>beneflciis</strong></span> <span class='ocrx_word' id='word_1_437' title='bbox 867 5026 967 5082; x_wconf 89' lang='lat' dir='ltr'><strong>nostris</strong></span> 
     </span>
     <span class='ocr_line' id='line_1_71' title="bbox 163 5117 966 5194; baseline -0.011 -14"><span class='ocrx_word' id='word_1_438' title='bbox 163 5140 327 5192; x_wconf 73' lang='lat' dir='ltr'><strong>excurrere,</strong></span> <span class='ocrx_word' id='word_1_439' title='bbox 349 5131 475 5194; x_wconf 86' lang='lat' dir='ltr'><strong>optamus</strong></span> <span class='ocrx_word' id='word_1_440' title='bbox 489 5120 587 5189; x_wconf 91' lang='lat' dir='ltr'><strong>ubique</strong></span> <span class='ocrx_word' id='word_1_441' title='bbox 602 5119 721 5189; x_wconf 81' lang='lat' dir='ltr'><strong>praestita</strong></span> <span class='ocrx_word' id='word_1_442' title='bbox 738 5127 830 5174; x_wconf 90' lang='lat' dir='ltr'><strong>nostra</strong></span> <span class='ocrx_word' id='word_1_443' title='bbox 848 5117 966 5184; x_wconf 89' lang='lat' dir='ltr'><strong>radiare,</strong></span> 
     </span>
     <span class='ocr_line' id='line_1_72' title="bbox 162 5211 966 5288; baseline -0.01 -16"><span class='ocrx_word' id='word_1_444' title='bbox 162 5220 230 5288; x_wconf 87' lang='lat' dir='ltr'><strong>quia</strong></span> <span class='ocrx_word' id='word_1_445' title='bbox 246 5219 274 5272; x_wconf 84' lang='lat' dir='ltr'><strong>in</strong></span> <span class='ocrx_word' id='word_1_446' title='bbox 287 5233 376 5273; x_wconf 76' lang='lat' dir='ltr'><strong>aerum</strong></span> <span class='ocrx_word' id='word_1_447' title='bbox 392 5215 457 5271; x_wconf 83' lang='lat' dir='ltr'><strong>tivit</strong></span> <span class='ocrx_word' id='word_1_448' title='bbox 470 5213 542 5284; x_wconf 89' lang='lat' dir='ltr'><strong>quod</strong></span> <span class='ocrx_word' id='word_1_449' title='bbox 558 5211 741 5268; x_wconf 89' lang='lat' dir='ltr'><strong>munillceutia</strong></span> <span class='ocrx_word' id='word_1_450' title='bbox 755 5211 911 5282; x_wconf 88' lang='lat' dir='ltr'><strong>principalis</strong></span> <span class='ocrx_word' id='word_1_451' title='bbox 926 5212 966 5265; x_wconf 93' lang='lat' dir='ltr'><strong>in·</strong></span> 
     </span>
     <span class='ocr_line' id='line_1_73' title="bbox 162 5300 964 5377; baseline -0.014 -11"><span class='ocrx_word' id='word_1_452' title='bbox 162 5309 291 5366; x_wconf 83' lang='lat' dir='ltr'><strong>dulserit.</strong></span> <span class='ocrx_word' id='word_1_453' title='bbox 303 5307 373 5377; x_wconf 83' lang='lat' dir='ltr'><strong>Quid</strong></span> <span class='ocrx_word' id='word_1_454' title='bbox 383 5306 455 5365; x_wconf 90' lang='lat' dir='ltr'><strong>enirn</strong></span> <span class='ocrx_word' id='word_1_455' title='bbox 467 5315 521 5360; x_wconf 90' lang='lat' dir='ltr'><strong>tam</strong></span> <span class='ocrx_word' id='word_1_456' title='bbox 535 5304 639 5373; x_wconf 89' lang='lat' dir='ltr'><strong>regium</strong></span> <span class='ocrx_word' id='word_1_457' title='bbox 647 5318 727 5372; x_wconf 92' lang='lat' dir='ltr'><strong>quam</strong></span> <span class='ocrx_word' id='word_1_458' title='bbox 743 5301 838 5359; x_wconf 84' lang='lat' dir='ltr'><strong>iecisse</strong></span> <span class='ocrx_word' id='word_1_459' title='bbox 848 5300 964 5364; x_wconf 79' lang='lat' dir='ltr'><strong>felicem,</strong></span> 
     </span>
    </p>
   </div>
   <div class='ocr_carea' id='block_1_21' title="bbox 167 5541 966 5761">
    <p class='ocr_par' dir='ltr' id='par_1_21' title="bbox 167 5541 966 5761">
     <span class='ocr_line' id='line_1_74' title="bbox 208 5541 964 5607; baseline -0.016 -2"><span class='ocrx_word' id='word_1_460' title='bbox 208 5561 219 5588; x_wconf 65' lang='grc' dir='ltr'><strong>ι</strong></span> <span class='ocrx_word' id='word_1_461' title='bbox 237 5552 304 5604; x_wconf 74' lang='lat' dir='ltr'><strong>t&#39;ttr</strong></span> <span class='ocrx_word' id='word_1_462' title='bbox 317 5550 383 5604; x_wconf 77' lang='lat' dir='ltr'><strong>Cnd.</strong></span> <span class='ocrx_word' id='word_1_463' title='bbox 397 5546 499 5602; x_wconf 89' lang='lat' dir='ltr'><strong>Tbeod.</strong></span> <span class='ocrx_word' id='word_1_464' title='bbox 517 5546 561 5599; x_wconf 89' lang='lat' dir='ltr'><strong>lib.</strong></span> <span class='ocrx_word' id='word_1_465' title='bbox 577 5562 630 5607; x_wconf 85' lang='grc' dir='ltr'>ιιι,</span> <span class='ocrx_word' id='word_1_466' title='bbox 647 5545 687 5600; x_wconf 90' lang='lat' dir='ltr'><strong>lit.</strong></span> <span class='ocrx_word' id='word_1_467' title='bbox 700 5545 731 5603; x_wconf 81' lang='lat'><strong>5:</strong></span> <span class='ocrx_word' id='word_1_468' title='bbox 747 5552 773 5598; x_wconf 87' lang='lat' dir='ltr'><strong>et</strong></span> <span class='ocrx_word' id='word_1_469' title='bbox 786 5541 851 5597; x_wconf 79' lang='lat' dir='ltr'><strong>inira</strong></span> <span class='ocrx_word' id='word_1_470' title='bbox 866 5542 910 5595; x_wconf 92' lang='lat' dir='ltr'><strong>lib.</strong></span> <span class='ocrx_word' id='word_1_471' title='bbox 926 5556 964 5602; x_wconf 82' lang='lat' dir='ltr'><strong>ru,</strong></span> 
     </span>
     <span class='ocr_line' id='line_1_75' title="bbox 167 5613 966 5693; baseline -0.02 -14"><span class='ocrx_word' id='word_1_472' title='bbox 167 5641 216 5690; x_wconf 60' lang='lat' dir='ltr'><strong>ep·</strong></span> <span class='ocrx_word' id='word_1_473' title='bbox 245 5622 288 5673; x_wconf 72' lang='lat' dir='ltr'><strong>tt.</strong></span> <span class='ocrx_word' id='word_1_474' title='bbox 315 5622 359 5674; x_wconf 76' lang='lat' dir='ltr'><strong>Sic</strong></span> <span class='ocrx_word' id='word_1_475' title='bbox 379 5619 467 5673; x_wconf 88' lang='lat' dir='ltr'><strong>dirtos</strong></span> <span class='ocrx_word' id='word_1_476' title='bbox 490 5618 581 5684; x_wconf 82' lang='lat' dir='ltr'><strong>accipe</strong></span> <span class='ocrx_word' id='word_1_477' title='bbox 608 5633 623 5670; x_wconf 87' lang='lat' dir='ltr'><strong>a</strong></span> <span class='ocrx_word' id='word_1_478' title='bbox 645 5615 785 5675; x_wconf 80' lang='lat' dir='ltr'><strong>catabulo,</strong></span> <span class='ocrx_word' id='word_1_479' title='bbox 815 5613 966 5693; x_wconf 71' lang='lat' dir='ltr'><strong>quoderat</strong></span> 
     </span>
     <span class='ocr_line' id='line_1_76' title="bbox 171 5686 963 5761; baseline -0.024 -9"><span class='ocrx_word' id='word_1_480' title='bbox 171 5692 309 5752; x_wconf 70' lang='lat' dir='ltr'><strong>stabulum</strong></span> <span class='ocrx_word' id='word_1_481' title='bbox 322 5691 503 5761; x_wconf 76' lang='lat' dir='ltr'><strong>jumentorum</strong></span> <span class='ocrx_word' id='word_1_482' title='bbox 515 5687 626 5757; x_wconf 75' lang='lat' dir='ltr'><strong>publicae</strong></span> <span class='ocrx_word' id='word_1_483' title='bbox 637 5686 963 5748; x_wconf 75' lang='lat' dir='ltr'><strong>urrinniinservientium,</strong></span> 
     </span>
    </p>
   </div>
   <div class='ocr_carea' id='block_1_22' title="bbox 1013 1750 1816 3012">
    <p class='ocr_par' dir='ltr' id='par_1_22' title="bbox 1013 1750 1816 3012">
     <span class='ocr_line' id='line_1_77' title="bbox 1016 1750 1816 1824; baseline 0.014 -21"><span class='ocrx_word' id='word_1_484' title='bbox 1016 1756 1115 1805; x_wconf 90' lang='lat' dir='ltr'><strong>temne.</strong></span> <span class='ocrx_word' id='word_1_485' title='bbox 1132 1750 1202 1817; x_wconf 86' lang='lat' dir='ltr'><strong>Quid</strong></span> <span class='ocrx_word' id='word_1_486' title='bbox 1216 1752 1269 1807; x_wconf 91' lang='lat' dir='ltr'><strong>erit</strong></span> <span class='ocrx_word' id='word_1_487' title='bbox 1281 1753 1390 1809; x_wconf 83' lang='lat' dir='ltr'><strong>suarius</strong></span> <span class='ocrx_word' id='word_1_488' title='bbox 1406 1769 1486 1824; x_wconf 89' lang='lat' dir='ltr'><strong>quam</strong></span> <span class='ocrx_word' id='word_1_489' title='bbox 1501 1755 1528 1811; x_wconf 92' lang='lat' dir='ltr'><strong>in</strong></span> <span class='ocrx_word' id='word_1_490' title='bbox 1543 1757 1587 1811; x_wconf 89' lang='lat' dir='ltr'><strong>illa</strong></span> <span class='ocrx_word' id='word_1_491' title='bbox 1604 1757 1682 1812; x_wconf 85' lang='lat' dir='ltr'><strong>turba</strong></span> <span class='ocrx_word' id='word_1_492' title='bbox 1695 1774 1816 1814; x_wconf 90' lang='lat' dir='ltr'><strong>summo·</strong></span> 
     </span>
     <span class='ocr_line' id='line_1_78' title="bbox 1014 1839 1814 1917; baseline 0.011 -24"><span class='ocrx_word' id='word_1_493' title='bbox 1014 1852 1074 1893; x_wconf 91' lang='lat' dir='ltr'><strong>rum</strong></span> <span class='ocrx_word' id='word_1_494' title='bbox 1089 1839 1179 1894; x_wconf 87' lang='lat' dir='ltr'><strong>nobile</strong></span> <span class='ocrx_word' id='word_1_495' title='bbox 1189 1841 1334 1910; x_wconf 89' lang='lat' dir='ltr'><strong>protulisse</strong></span> <span class='ocrx_word' id='word_1_496' title='bbox 1347 1841 1489 1911; x_wconf 85' lang='lat' dir='ltr'><strong>judicium,</strong></span> <span class='ocrx_word' id='word_1_497' title='bbox 1515 1845 1561 1900; x_wconf 92' lang='lat' dir='ltr'><strong>ubi</strong></span> <span class='ocrx_word' id='word_1_498' title='bbox 1576 1853 1618 1902; x_wconf 91' lang='lat' dir='ltr'><strong>tot</strong></span> <span class='ocrx_word' id='word_1_499' title='bbox 1638 1847 1814 1917; x_wconf 89' lang='lat' dir='ltr'><strong>patriciorum</strong></span> 
     </span>
     <span class='ocr_line' id='line_1_79' title="bbox 1013 1931 1814 2004; baseline 0.014 -20"><span class='ocrx_word' id='word_1_500' title='bbox 1013 1931 1097 1985; x_wconf 88' lang='lat' dir='ltr'><strong>corda</strong></span> <span class='ocrx_word' id='word_1_501' title='bbox 1111 1941 1294 2001; x_wconf 83' lang='lat' dir='ltr'><strong>provocantur</strong></span> <span class='ocrx_word' id='word_1_502' title='bbox 1313 1933 1347 1987; x_wconf 91' lang='lat' dir='ltr'><strong>ad</strong></span> <span class='ocrx_word' id='word_1_503' title='bbox 1368 1934 1494 2004; x_wconf 88' lang='lat' dir='ltr'><strong>gratiam,</strong></span> <span class='ocrx_word' id='word_1_504' title='bbox 1519 1935 1565 1991; x_wconf 90' lang='lat' dir='ltr'><strong>ubi</strong></span> <span class='ocrx_word' id='word_1_505' title='bbox 1588 1937 1690 1992; x_wconf 88' lang='lat' dir='ltr'><strong>botrum</strong></span> <span class='ocrx_word' id='word_1_506' title='bbox 1712 1936 1814 1995; x_wconf 84' lang='lat' dir='ltr'><strong>lactum</strong></span> 
     </span>
     <span class='ocr_line' id='line_1_80' title="bbox 1013 2019 1816 2098; baseline 0.014 -24"><span class='ocrx_word' id='word_1_507' title='bbox 1013 2019 1167 2076; x_wconf 87' lang='lat' dir='ltr'><strong>celebratur</strong></span> <span class='ocrx_word' id='word_1_508' title='bbox 1180 2038 1228 2077; x_wconf 92' lang='lat' dir='ltr'><strong>ore</strong></span> <span class='ocrx_word' id='word_1_509' title='bbox 1246 2023 1421 2093; x_wconf 77' lang='lat' dir='ltr'><strong>sapientum?</strong></span> <span class='ocrx_word' id='word_1_510' title='bbox 1447 2025 1590 2098; x_wconf 88' lang='lat' dir='ltr'><strong>Nunquam</strong></span> <span class='ocrx_word' id='word_1_511' title='bbox 1615 2028 1719 2097; x_wconf 76' lang='lat' dir='ltr'><strong>majore</strong></span> <span class='ocrx_word' id='word_1_512' title='bbox 1735 2029 1816 2086; x_wconf 79' lang='lat' dir='ltr'><strong>laude</strong></span> 
     </span>
     <span class='ocr_line' id='line_1_81' title="bbox 1013 2109 1815 2185; baseline 0.012 -21"><span class='ocrx_word' id='word_1_513' title='bbox 1013 2109 1098 2166; x_wconf 84' lang='lat' dir='ltr'><strong>virtus</strong></span> <span class='ocrx_word' id='word_1_514' title='bbox 1112 2111 1181 2182; x_wconf 64' lang='lat' dir='ltr'><strong>lala,</strong></span> <span class='ocrx_word' id='word_1_515' title='bbox 1192 2110 1309 2183; x_wconf 78' lang='lat' dir='ltr'><strong>uirtutis]</strong></span> <span class='ocrx_word' id='word_1_516' title='bbox 1324 2114 1422 2183; x_wconf 89' lang='lat' dir='ltr'><strong>agitur,</strong></span> <span class='ocrx_word' id='word_1_517' title='bbox 1437 2116 1556 2185; x_wconf 90' lang='lat' dir='ltr'><strong>quamsi</strong></span> <span class='ocrx_word' id='word_1_518' title='bbox 1570 2125 1645 2174; x_wconf 86' lang='lat' dir='ltr'><strong>reete</strong></span> <span class='ocrx_word' id='word_1_519' title='bbox 1657 2116 1745 2173; x_wconf 82' lang='lat' dir='ltr'><strong>Roma</strong></span> <span class='ocrx_word' id='word_1_520' title='bbox 1760 2126 1815 2174; x_wconf 90' lang='lat' dir='ltr'><strong>tra·</strong></span> 
     </span>
     <span class='ocr_line' id='line_1_82' title="bbox 1013 2200 1815 2278; baseline 0.014 -23"><span class='ocrx_word' id='word_1_521' title='bbox 1013 2208 1111 2255; x_wconf 89' lang='lat' dir='ltr'><strong>ctetur.</strong></span> <span class='ocrx_word' id='word_1_522' title='bbox 1134 2200 1207 2268; x_wconf 90' lang='lat' dir='ltr'><strong>Quas</strong></span> <span class='ocrx_word' id='word_1_523' title='bbox 1220 2202 1327 2259; x_wconf 81' lang='lat' dir='ltr'><strong>diuitias</strong></span> <span class='ocrx_word' id='word_1_524' title='bbox 1341 2206 1459 2261; x_wconf 83' lang='lat' dir='ltr'><strong>aestirnes</strong></span> <span class='ocrx_word' id='word_1_525' title='bbox 1474 2207 1594 2277; x_wconf 88' lang='lat' dir='ltr'><strong>aptiores</strong></span> <span class='ocrx_word' id='word_1_526' title='bbox 1610 2223 1692 2278; x_wconf 89' lang='lat' dir='ltr'><strong>quam</strong></span> <span class='ocrx_word' id='word_1_527' title='bbox 1705 2209 1733 2263; x_wconf 87' lang='lat' dir='ltr'><strong>in</strong></span> <span class='ocrx_word' id='word_1_528' title='bbox 1748 2223 1815 2265; x_wconf 91' lang='lat' dir='ltr'><strong>ocu-</strong></span> 
     </span>
     <span class='ocr_line' id='line_1_83' title="bbox 1014 2292 1812 2372; baseline 0.011 -25"><span class='ocrx_word' id='word_1_529' title='bbox 1014 2292 1048 2348; x_wconf 89' lang='lat' dir='ltr'><strong>lis</strong></span> <span class='ocrx_word' id='word_1_530' title='bbox 1061 2303 1172 2350; x_wconf 89' lang='lat' dir='ltr'><strong>senatus</strong></span> <span class='ocrx_word' id='word_1_531' title='bbox 1186 2297 1361 2352; x_wconf 76' lang='lat' dir='ltr'><strong>conscientiae</strong></span> <span class='ocrx_word' id='word_1_532' title='bbox 1375 2298 1523 2368; x_wconf 89' lang='lat' dir='ltr'><strong>pretiosam</strong></span> <span class='ocrx_word' id='word_1_533' title='bbox 1537 2315 1633 2371; x_wconf 89' lang='lat' dir='ltr'><strong>gerere</strong></span> <span class='ocrx_word' id='word_1_534' title='bbox 1657 2301 1812 2372; x_wconf 86' lang='lat' dir='ltr'><strong>puritatem,</strong></span> 
     </span>
     <span class='ocr_line' id='line_1_84' title="bbox 1014 2387 1815 2459; baseline 0.012 -20"><span class='ocrx_word' id='word_1_535' title='bbox 1014 2394 1042 2440; x_wconf 92' lang='grc' dir='ltr'><strong>ιι</strong></span> <span class='ocrx_word' id='word_1_536' title='bbox 1066 2394 1128 2441; x_wconf 89' lang='lat' dir='ltr'><strong>ante</strong></span> <span class='ocrx_word' id='word_1_537' title='bbox 1153 2387 1240 2457; x_wconf 92' lang='lat' dir='ltr'><strong>ipsum</strong></span> <span class='ocrx_word' id='word_1_538' title='bbox 1262 2388 1396 2445; x_wconf 89' lang='lat' dir='ltr'><strong>libertatis</strong></span> <span class='ocrx_word' id='word_1_539' title='bbox 1420 2392 1553 2459; x_wconf 90' lang='lat' dir='ltr'><strong>gremium</strong></span> <span class='ocrx_word' id='word_1_540' title='bbox 1569 2392 1650 2447; x_wconf 90' lang='lat' dir='ltr'><strong>nullis</strong></span> <span class='ocrx_word' id='word_1_541' title='bbox 1668 2392 1741 2448; x_wconf 82' lang='lat' dir='ltr'><strong>viriis</strong></span> <span class='ocrx_word' id='word_1_542' title='bbox 1754 2408 1815 2450; x_wconf 88' lang='lat' dir='ltr'><strong>esse</strong></span> 
     </span>
     <span class='ocr_line' id='line_1_85' title="bbox 1014 2477 1814 2554; baseline 0.013 -24"><span class='ocrx_word' id='word_1_543' title='bbox 1014 2477 1174 2545; x_wconf 76' lang='lat' dir='ltr'><strong>captivum?</strong></span> <span class='ocrx_word' id='word_1_544' title='bbox 1199 2477 1338 2545; x_wconf 89' lang='lat' dir='ltr'><strong>Videmus,</strong></span> <span class='ocrx_word' id='word_1_545' title='bbox 1364 2481 1461 2551; x_wconf 88' lang='lat' dir='ltr'><strong>reliqui</strong></span> <span class='ocrx_word' id='word_1_546' title='bbox 1477 2481 1564 2539; x_wconf 87' lang='lat' dir='ltr'><strong>lasces</strong></span> <span class='ocrx_word' id='word_1_547' title='bbox 1577 2499 1630 2554; x_wconf 92' lang='lat' dir='ltr'><strong>qua</strong></span> <span class='ocrx_word' id='word_1_548' title='bbox 1647 2485 1733 2553; x_wconf 90' lang='lat' dir='ltr'><strong>gloria</strong></span> <span class='ocrx_word' id='word_1_549' title='bbox 1747 2501 1814 2540; x_wconf 91' lang='lat' dir='ltr'><strong>cen·</strong></span> 
     </span>
     <span class='ocr_line' id='line_1_86' title="bbox 1016 2568 1814 2643; baseline 0.011 -18"><span class='ocrx_word' id='word_1_550' title='bbox 1016 2577 1136 2625; x_wconf 89' lang='lat' dir='ltr'><strong>scantur.</strong></span> <span class='ocrx_word' id='word_1_551' title='bbox 1154 2568 1279 2627; x_wconf 91' lang='lat' dir='ltr'><strong>Urbanus</strong></span> <span class='ocrx_word' id='word_1_552' title='bbox 1294 2574 1393 2643; x_wconf 71' lang='lat' dir='ltr'><strong>praesul</strong></span> <span class='ocrx_word' id='word_1_553' title='bbox 1407 2574 1524 2643; x_wconf 86' lang='lat' dir='ltr'><strong>dignitas</strong></span> <span class='ocrx_word' id='word_1_554' title='bbox 1537 2585 1580 2633; x_wconf 88' lang='lat' dir='ltr'><strong>est</strong></span> <span class='ocrx_word' id='word_1_555' title='bbox 1593 2578 1737 2633; x_wconf 86' lang='lat' dir='ltr'><strong>bonorum.</strong></span> <span class='ocrx_word' id='word_1_556' title='bbox 1755 2576 1814 2634; x_wconf 82' lang='lat' dir='ltr'><strong>Non</strong></span> 
     </span>
     <span class='ocr_line' id='line_1_87' title="bbox 1015 2660 1815 2739; baseline 0.019 -27"><span class='ocrx_word' id='word_1_557' title='bbox 1015 2660 1117 2729; x_wconf 87' lang='lat' dir='ltr'><strong>patitur</strong></span> <span class='ocrx_word' id='word_1_558' title='bbox 1129 2660 1239 2717; x_wconf 90' lang='lat' dir='ltr'><strong>claritas</strong></span> <span class='ocrx_word' id='word_1_559' title='bbox 1254 2661 1299 2716; x_wconf 87' lang='lat' dir='ltr'><strong>illa</strong></span> <span class='ocrx_word' id='word_1_560' title='bbox 1320 2664 1499 2732; x_wconf 88' lang='lat' dir='ltr'><strong>committere,</strong></span> <span class='ocrx_word' id='word_1_561' title='bbox 1516 2667 1589 2737; x_wconf 86' lang='lat' dir='ltr'><strong>quod</strong></span> <span class='ocrx_word' id='word_1_562' title='bbox 1608 2669 1693 2739; x_wconf 86' lang='lat' dir='ltr'><strong>possit</strong></span> <span class='ocrx_word' id='word_1_563' title='bbox 1716 2671 1815 2727; x_wconf 81' lang='lat' dir='ltr'><strong>nobilis</strong></span> 
     </span>
     <span class='ocr_line' id='line_1_88' title="bbox 1016 2748 1815 2815; baseline 0.016 -13"><span class='ocrx_word' id='word_1_564' title='bbox 1016 2748 1096 2803; x_wconf 91' lang='lat' dir='ltr'><strong>turba</strong></span> <span class='ocrx_word' id='word_1_565' title='bbox 1112 2750 1227 2805; x_wconf 89' lang='lat' dir='ltr'><strong>nescire.</strong></span> <span class='ocrx_word' id='word_1_566' title='bbox 1250 2749 1367 2806; x_wconf 57' lang='lat' dir='ltr'><strong>lineatus</strong></span> <span class='ocrx_word' id='word_1_567' title='bbox 1381 2752 1407 2806; x_wconf 95' lang='lat' dir='ltr'><strong>in</strong></span> <span class='ocrx_word' id='word_1_568' title='bbox 1429 2751 1548 2809; x_wconf 91' lang='lat' dir='ltr'><strong>medium</strong></span> <span class='ocrx_word' id='word_1_569' title='bbox 1563 2765 1722 2812; x_wconf 91' lang='lat' dir='ltr'><strong>cunctorum</strong></span> <span class='ocrx_word' id='word_1_570' title='bbox 1736 2758 1769 2813; x_wconf 90' lang='lat' dir='ltr'><strong>ad</strong></span> <span class='ocrx_word' id='word_1_571' title='bbox 1784 2773 1815 2815; x_wconf 86' lang='lat' dir='ltr'><strong>se</strong></span> 
     </span>
     <span class='ocr_line' id='line_1_89' title="bbox 1018 2841 1816 2923; baseline 0.016 -28"><span class='ocrx_word' id='word_1_572' title='bbox 1018 2841 1100 2896; x_wconf 87' lang='lat' dir='ltr'><strong>trabit</strong></span> <span class='ocrx_word' id='word_1_573' title='bbox 1110 2852 1272 2913; x_wconf 74' lang='lat' dir='ltr'><strong>sepserunt,</strong></span> <span class='ocrx_word' id='word_1_574' title='bbox 1295 2853 1324 2900; x_wconf 91' lang='lat' dir='ltr'><strong>et</strong></span> <span class='ocrx_word' id='word_1_575' title='bbox 1344 2846 1426 2901; x_wconf 91' lang='lat' dir='ltr'><strong>totius</strong></span> <span class='ocrx_word' id='word_1_576' title='bbox 1441 2847 1503 2901; x_wconf 82' lang='lat' dir='ltr'><strong>uite</strong></span> <span class='ocrx_word' id='word_1_577' title='bbox 1519 2847 1648 2917; x_wconf 82' lang='lat' dir='ltr'><strong>judicium</strong></span> <span class='ocrx_word' id='word_1_578' title='bbox 1661 2852 1816 2923; x_wconf 85' lang='lat' dir='ltr'><strong>promulgat</strong></span> 
     </span>
     <span class='ocr_line' id='line_1_90' title="bbox 1014 2932 1816 3012; baseline 0.016 -25"><span class='ocrx_word' id='word_1_579' title='bbox 1014 2932 1085 2989; x_wconf 84' lang='lat' dir='ltr'><strong>lama</strong></span> <span class='ocrx_word' id='word_1_580' title='bbox 1101 2937 1273 3006; x_wconf 89' lang='lat' dir='ltr'><strong>populorum.</strong></span> <span class='ocrx_word' id='word_1_581' title='bbox 1290 2934 1353 2993; x_wconf 78' lang='lat' dir='ltr'><strong>flac</strong></span> <span class='ocrx_word' id='word_1_582' title='bbox 1367 2946 1395 2993; x_wconf 87' lang='lat' dir='ltr'><strong>te</strong></span> <span class='ocrx_word' id='word_1_583' title='bbox 1409 2946 1437 2995; x_wconf 91' lang='lat' dir='ltr'><strong>et</strong></span> <span class='ocrx_word' id='word_1_584' title='bbox 1450 2939 1541 2994; x_wconf 89' lang='lat' dir='ltr'><strong>animo</strong></span> <span class='ocrx_word' id='word_1_585' title='bbox 1556 2942 1708 3012; x_wconf 88' lang='lat' dir='ltr'><strong>concipere,</strong></span> <span class='ocrx_word' id='word_1_586' title='bbox 1724 2953 1752 2999; x_wconf 92' lang='lat' dir='ltr'><strong>et</strong></span> <span class='ocrx_word' id='word_1_587' title='bbox 1771 2960 1816 3000; x_wconf 88' lang='lat' dir='ltr'><strong>re·</strong></span> 
     </span>
    </p>
   </div>
   <div class='ocr_carea' id='block_1_23' title="bbox 974 3026 1815 3129">
    <p class='ocr_par' dir='ltr' id='par_1_23' title="bbox 974 3026 1815 3129">
     <span class='ocr_line' id='line_1_91' title="bbox 974 3026 1815 3129; baseline 0.011 -47"><span class='ocrx_word' id='word_1_588' title='bbox 974 3065 998 3129; x_wconf 70' lang='lat' dir='ltr'><strong>c</strong></span> <span class='ocrx_word' id='word_1_589' title='bbox 1013 3026 1065 3082; x_wconf 91' lang='lat' dir='ltr'><strong>bus</strong></span> <span class='ocrx_word' id='word_1_590' title='bbox 1076 3027 1248 3085; x_wconf 80' lang='lat' dir='ltr'><strong>evidentibus</strong></span> <span class='ocrx_word' id='word_1_591' title='bbox 1262 3030 1410 3101; x_wconf 78' lang='lat' dir='ltr'><strong>explicare,</strong></span> <span class='ocrx_word' id='word_1_592' title='bbox 1424 3031 1555 3087; x_wconf 86' lang='lat' dir='ltr'><strong>credibile</strong></span> <span class='ocrx_word' id='word_1_593' title='bbox 1566 3033 1636 3104; x_wconf 91' lang='lat' dir='ltr'><strong>apud</strong></span> <span class='ocrx_word' id='word_1_594' title='bbox 1651 3050 1700 3090; x_wconf 92' lang='lat' dir='ltr'><strong>nos</strong></span> <span class='ocrx_word' id='word_1_595' title='bbox 1712 3034 1815 3091; x_wconf 84' lang='lat' dir='ltr'><strong>iaciunt</strong></span> 
     </span>
    </p>
   </div>
   <div class='ocr_carea' id='block_1_24' title="bbox 1014 3121 1817 4017">
    <p class='ocr_par' dir='ltr' id='par_1_24' title="bbox 1014 3121 1817 4017">
     <span class='ocr_line' id='line_1_92' title="bbox 1016 3121 1813 3196; baseline 0.01 -20"><span class='ocrx_word' id='word_1_596' title='bbox 1016 3121 1105 3177; x_wconf 87' lang='lat' dir='ltr'><strong>studia</strong></span> <span class='ocrx_word' id='word_1_597' title='bbox 1116 3121 1266 3178; x_wconf 87' lang='lat' dir='ltr'><strong>litterarum</strong></span> <span class='ocrx_word' id='word_1_598' title='bbox 1284 3141 1290 3176; x_wconf 93' lang='lat'>:</span> <span class='ocrx_word' id='word_1_599' title='bbox 1307 3123 1351 3178; x_wconf 93' lang='lat' dir='ltr'><strong>ubi</strong></span> <span class='ocrx_word' id='word_1_600' title='bbox 1363 3124 1512 3193; x_wconf 85' lang='lat' dir='ltr'><strong>cognovisti</strong></span> <span class='ocrx_word' id='word_1_601' title='bbox 1526 3139 1607 3181; x_wconf 92' lang='lat' dir='ltr'><strong>omne</strong></span> <span class='ocrx_word' id='word_1_602' title='bbox 1619 3126 1693 3196; x_wconf 92' lang='lat' dir='ltr'><strong>quod</strong></span> <span class='ocrx_word' id='word_1_603' title='bbox 1707 3126 1813 3192; x_wconf 87' lang='lat' dir='ltr'><strong>deceat,</strong></span> 
     </span>
     <span class='ocr_line' id='line_1_93' title="bbox 1015 3213 1816 3284; baseline 0.005 -14"><span class='ocrx_word' id='word_1_604' title='bbox 1015 3213 1091 3270; x_wconf 90' lang='lat' dir='ltr'><strong>etad</strong></span> <span class='ocrx_word' id='word_1_605' title='bbox 1106 3229 1185 3268; x_wconf 92' lang='lat' dir='ltr'><strong>usum</strong></span> <span class='ocrx_word' id='word_1_606' title='bbox 1200 3215 1262 3269; x_wconf 77' lang='lat' dir='ltr'><strong>ritae</strong></span> <span class='ocrx_word' id='word_1_607' title='bbox 1275 3215 1401 3284; x_wconf 78' lang='lat' dir='ltr'><strong>gloriosse</strong></span> <span class='ocrx_word' id='word_1_608' title='bbox 1416 3216 1546 3280; x_wconf 81' lang='lat' dir='ltr'><strong>animum,</strong></span> <span class='ocrx_word' id='word_1_609' title='bbox 1568 3216 1711 3273; x_wconf 92' lang='lat' dir='ltr'><strong>doctorum</strong></span> <span class='ocrx_word' id='word_1_610' title='bbox 1735 3218 1816 3274; x_wconf 88' lang='lat' dir='ltr'><strong>nimi·</strong></span> 
     </span>
     <span class='ocr_line' id='line_1_94' title="bbox 1015 3301 1815 3375; baseline 0.006 -18"><span class='ocrx_word' id='word_1_611' title='bbox 1015 3316 1076 3357; x_wconf 90' lang='lat' dir='ltr'><strong>rum</strong></span> <span class='ocrx_word' id='word_1_612' title='bbox 1092 3301 1275 3368; x_wconf 89' lang='lat' dir='ltr'><strong>institutione,</strong></span> <span class='ocrx_word' id='word_1_613' title='bbox 1293 3302 1425 3358; x_wconf 80' lang='lat' dir='ltr'><strong>lacerasti.</strong></span> <span class='ocrx_word' id='word_1_614' title='bbox 1440 3303 1536 3374; x_wconf 84' lang='lat' dir='ltr'><strong>Fugiat</strong></span> <span class='ocrx_word' id='word_1_615' title='bbox 1550 3320 1615 3375; x_wconf 86' lang='lat' dir='ltr'><strong>ergo</strong></span> <span class='ocrx_word' id='word_1_616' title='bbox 1630 3306 1754 3363; x_wconf 90' lang='lat' dir='ltr'><strong>doctrina</strong></span> <span class='ocrx_word' id='word_1_617' title='bbox 1766 3308 1815 3362; x_wconf 85' lang='lat' dir='ltr'><strong>tle-</strong></span> 
     </span>
     <span class='ocr_line' id='line_1_95' title="bbox 1014 3390 1816 3454; baseline 0.01 -8"><span class='ocrx_word' id='word_1_618' title='bbox 1014 3392 1117 3447; x_wconf 89' lang='lat' dir='ltr'><strong>lictum.</strong></span> <span class='ocrx_word' id='word_1_619' title='bbox 1132 3390 1258 3448; x_wconf 80' lang='lat' dir='ltr'><strong>Indocilis</strong></span> <span class='ocrx_word' id='word_1_620' title='bbox 1272 3401 1315 3448; x_wconf 90' lang='lat' dir='ltr'><strong>cst</strong></span> <span class='ocrx_word' id='word_1_621' title='bbox 1328 3394 1410 3448; x_wconf 91' lang='lat' dir='ltr'><strong>animi</strong></span> <span class='ocrx_word' id='word_1_622' title='bbox 1425 3394 1458 3448; x_wconf 89' lang='lat' dir='ltr'><strong>ad</strong></span> <span class='ocrx_word' id='word_1_623' title='bbox 1473 3395 1535 3450; x_wconf 84' lang='lat' dir='ltr'><strong>vitia</strong></span> <span class='ocrx_word' id='word_1_624' title='bbox 1552 3396 1630 3450; x_wconf 91' lang='lat' dir='ltr'><strong>trabi.</strong></span> <span class='ocrx_word' id='word_1_625' title='bbox 1656 3395 1816 3454; x_wconf 81' lang='lat' dir='ltr'><strong>AEdilleatus</strong></span> 
     </span>
     <span class='ocr_line' id='line_1_96' title="bbox 1016 3484 1817 3558; baseline 0.007 -18"><span class='ocrx_word' id='word_1_626' title='bbox 1016 3484 1092 3540; x_wconf 88' lang='lat' dir='ltr'><strong>libris</strong></span> <span class='ocrx_word' id='word_1_627' title='bbox 1117 3484 1206 3540; x_wconf 89' lang='lat' dir='ltr'><strong>locum</strong></span> <span class='ocrx_word' id='word_1_628' title='bbox 1231 3500 1286 3540; x_wconf 90' lang='lat' dir='ltr'><strong>non</strong></span> <span class='ocrx_word' id='word_1_629' title='bbox 1309 3486 1436 3558; x_wconf 88' lang='lat' dir='ltr'><strong>relinquit</strong></span> <span class='ocrx_word' id='word_1_630' title='bbox 1456 3486 1583 3556; x_wconf 82' lang='lat' dir='ltr'><strong>injuriis:</strong></span> <span class='ocrx_word' id='word_1_631' title='bbox 1606 3487 1650 3543; x_wconf 81' lang='lat' dir='ltr'><strong>tbi</strong></span> <span class='ocrx_word' id='word_1_632' title='bbox 1669 3489 1697 3544; x_wconf 89' lang='lat' dir='ltr'><strong>in</strong></span> <span class='ocrx_word' id='word_1_633' title='bbox 1715 3490 1817 3547; x_wconf 84' lang='lat' dir='ltr'><strong>teucris</strong></span> 
     </span>
     <span class='ocr_line' id='line_1_97' title="bbox 1015 3577 1816 3649; baseline 0.007 -17"><span class='ocrx_word' id='word_1_634' title='bbox 1015 3578 1095 3634; x_wconf 91' lang='lat' dir='ltr'><strong>annis</strong></span> <span class='ocrx_word' id='word_1_635' title='bbox 1118 3577 1276 3648; x_wconf 89' lang='lat' dir='ltr'><strong>acquiritur,</strong></span> <span class='ocrx_word' id='word_1_636' title='bbox 1298 3578 1371 3649; x_wconf 92' lang='lat' dir='ltr'><strong>quod</strong></span> <span class='ocrx_word' id='word_1_637' title='bbox 1395 3591 1501 3635; x_wconf 87' lang='lat' dir='ltr'><strong>rnatum</strong></span> <span class='ocrx_word' id='word_1_638' title='bbox 1516 3589 1596 3636; x_wconf 76' lang='lat' dir='ltr'><strong>aetate</strong></span> <span class='ocrx_word' id='word_1_639' title='bbox 1617 3589 1749 3636; x_wconf 87' lang='lat' dir='ltr'><strong>serretur.</strong></span> <span class='ocrx_word' id='word_1_640' title='bbox 1775 3581 1816 3639; x_wconf 80' lang='lat' dir='ltr'><strong>td</strong></span> 
     </span>
     <span class='ocr_line' id='line_1_98' title="bbox 1016 3668 1814 3738; baseline 0.009 -16"><span class='ocrx_word' id='word_1_641' title='bbox 1016 3668 1151 3724; x_wconf 91' lang='lat' dir='ltr'><strong>tramitem</strong></span> <span class='ocrx_word' id='word_1_642' title='bbox 1168 3669 1238 3724; x_wconf 91' lang='lat' dir='ltr'><strong>recti</strong></span> <span class='ocrx_word' id='word_1_643' title='bbox 1252 3669 1396 3725; x_wconf 89' lang='lat' dir='ltr'><strong>hortentur</strong></span> <span class='ocrx_word' id='word_1_644' title='bbox 1417 3678 1444 3726; x_wconf 92' lang='grc' dir='ltr'><strong>ιι</strong></span> <span class='ocrx_word' id='word_1_645' title='bbox 1458 3679 1566 3727; x_wconf 89' lang='lat' dir='ltr'><strong>tuorum</strong></span> <span class='ocrx_word' id='word_1_646' title='bbox 1581 3670 1650 3727; x_wconf 88' lang='lat' dir='ltr'><strong>lacta</strong></span> <span class='ocrx_word' id='word_1_647' title='bbox 1666 3672 1814 3738; x_wconf 87' lang='lat' dir='ltr'><strong>seniorum,</strong></span> 
     </span>
     <span class='ocr_line' id='line_1_99' title="bbox 1015 3761 1816 3833; baseline 0.009 -19"><span class='ocrx_word' id='word_1_648' title='bbox 1015 3761 1163 3817; x_wconf 90' lang='lat' dir='ltr'><strong>admoneat</strong></span> <span class='ocrx_word' id='word_1_649' title='bbox 1186 3761 1311 3818; x_wconf 92' lang='lat' dir='ltr'><strong>lectionis</strong></span> <span class='ocrx_word' id='word_1_650' title='bbox 1325 3763 1488 3830; x_wconf 86' lang='lat' dir='ltr'><strong>auctoritas,</strong></span> <span class='ocrx_word' id='word_1_651' title='bbox 1512 3763 1713 3833; x_wconf 79' lang='lat' dir='ltr'><strong>uetndejudicit</strong></span> <span class='ocrx_word' id='word_1_652' title='bbox 1730 3765 1816 3821; x_wconf 92' lang='lat' dir='ltr'><strong>nostri</strong></span> 
     </span>
     <span class='ocr_line' id='line_1_100' title="bbox 1016 3851 1813 3928; baseline 0.01 -22"><span class='ocrx_word' id='word_1_653' title='bbox 1016 3851 1116 3909; x_wconf 88' lang='lat' dir='ltr'><strong>electio</strong></span> <span class='ocrx_word' id='word_1_654' title='bbox 1131 3853 1248 3922; x_wconf 90' lang='lat' dir='ltr'><strong>gloriosa</strong></span> <span class='ocrx_word' id='word_1_655' title='bbox 1263 3869 1270 3920; x_wconf 92' lang='lat'>;</span> <span class='ocrx_word' id='word_1_656' title='bbox 1290 3862 1322 3910; x_wconf 92' lang='lat' dir='ltr'><strong>ut</strong></span> <span class='ocrx_word' id='word_1_657' title='bbox 1334 3854 1439 3924; x_wconf 76' lang='lat' dir='ltr'><strong>maiora</strong></span> <span class='ocrx_word' id='word_1_658' title='bbox 1454 3855 1488 3910; x_wconf 91' lang='lat' dir='ltr'><strong>de</strong></span> <span class='ocrx_word' id='word_1_659' title='bbox 1504 3855 1581 3911; x_wconf 91' lang='lat' dir='ltr'><strong>nobis</strong></span> <span class='ocrx_word' id='word_1_660' title='bbox 1594 3871 1701 3913; x_wconf 89' lang='lat' dir='ltr'><strong>sumere</strong></span> <span class='ocrx_word' id='word_1_661' title='bbox 1715 3857 1813 3928; x_wconf 84' lang='lat' dir='ltr'><strong>possis,</strong></span> 
     </span>
     <span class='ocr_line' id='line_1_101' title="bbox 1016 3945 1747 4017; baseline 0.005 -19"><span class='ocrx_word' id='word_1_662' title='bbox 1016 3956 1078 3998; x_wconf 91' lang='lat' dir='ltr'><strong>cum</strong></span> <span class='ocrx_word' id='word_1_663' title='bbox 1093 3952 1120 4000; x_wconf 92' lang='lat' dir='ltr'><strong>te</strong></span> <span class='ocrx_word' id='word_1_664' title='bbox 1133 3958 1165 4000; x_wconf 90' lang='lat' dir='ltr'><strong>ea</strong></span> <span class='ocrx_word' id='word_1_665' title='bbox 1177 3957 1238 4014; x_wconf 89' lang='lat' dir='ltr'><strong>quae</strong></span> <span class='ocrx_word' id='word_1_666' title='bbox 1253 3945 1438 4001; x_wconf 90' lang='lat' dir='ltr'><strong>commisimus</strong></span> <span class='ocrx_word' id='word_1_667' title='bbox 1452 3946 1563 4017; x_wconf 89' lang='lat' dir='ltr'><strong>implere</strong></span> <span class='ocrx_word' id='word_1_668' title='bbox 1577 3949 1747 4015; x_wconf 82' lang='lat' dir='ltr'><strong>cognoveris.</strong></span> 
     </span>
    </p>
   </div>
   <div class='ocr_carea' id='block_1_25' title="bbox 1302 4055 1540 4115">
    <p class='ocr_par' dir='ltr' id='par_1_25' title="bbox 1302 4055 1540 4115">
     <span class='ocr_line' id='line_1_102' title="bbox 1302 4055 1540 4115; baseline 0.008 -3"><span class='ocrx_word' id='word_1_669' title='bbox 1302 4055 1472 4114; x_wconf 72' lang='lat' dir='ltr'><strong>bristout</strong></span> <span class='ocrx_word' id='word_1_670' title='bbox 1482 4058 1540 4115; x_wconf 83' lang='lat' dir='ltr'><strong>llll.</strong></span> 
     </span>
    </p>
   </div>
   <div class='ocr_carea' id='block_1_26' title="bbox 1130 4166 1702 4212">
    <p class='ocr_par' dir='ltr' id='par_1_26' title="bbox 1130 4166 1702 4212">
     <span class='ocr_line' id='line_1_103' title="bbox 1130 4166 1702 4212; baseline 0.009 -6"><span class='ocrx_word' id='word_1_671' title='bbox 1130 4166 1244 4207; x_wconf 69' lang='lat' dir='ltr'>SENATUI</span> <span class='ocrx_word' id='word_1_672' title='bbox 1258 4167 1333 4207; x_wconf 73' lang='lat' dir='ltr'><strong>breis</strong></span> <span class='ocrx_word' id='word_1_673' title='bbox 1348 4167 1427 4207; x_wconf 69' lang='lat' dir='ltr'><strong>ROHAE</strong></span> <span class='ocrx_word' id='word_1_674' title='bbox 1443 4168 1626 4212; x_wconf 69' lang='lat' dir='ltr'>THEODOMCUS</span> <span class='ocrx_word' id='word_1_675' title='bbox 1639 4172 1702 4211; x_wconf 80' lang='lat' dir='ltr'><strong>ttltt.</strong></span> 
     </span>
    </p>
   </div>
   <div class='ocr_carea' id='block_1_27' title="bbox 1017 4240 1817 4451">
    <p class='ocr_par' dir='ltr' id='par_1_27' title="bbox 1017 4240 1817 4451">
     <span class='ocr_line' id='line_1_104' title="bbox 1017 4240 1817 4312; baseline 0.009 -19"><span class='ocrx_word' id='word_1_676' title='bbox 1017 4240 1167 4312; x_wconf 75' lang='lat' dir='ltr'><strong>Argolicum</strong></span> <span class='ocrx_word' id='word_1_677' title='bbox 1181 4257 1238 4294; x_wconf 80' lang='lat' dir='ltr'><strong>erm</strong></span> <span class='ocrx_word' id='word_1_678' title='bbox 1253 4240 1403 4309; x_wconf 83' lang='lat' dir='ltr'><strong>parentibus</strong></span> <span class='ocrx_word' id='word_1_679' title='bbox 1419 4244 1507 4297; x_wconf 84' lang='lat' dir='ltr'><strong>multia</strong></span> <span class='ocrx_word' id='word_1_680' title='bbox 1522 4243 1641 4299; x_wconf 84' lang='lat' dir='ltr'><strong>laridibus</strong></span> <span class='ocrx_word' id='word_1_681' title='bbox 1655 4251 1776 4311; x_wconf 76' lang='lat' dir='ltr'><strong>esuriret,</strong></span> <span class='ocrx_word' id='word_1_682' title='bbox 1791 4255 1817 4300; x_wconf 89' lang='lat' dir='ltr'><strong>et</strong></span> 
     </span>
     <span class='ocr_line' id='line_1_105' title="bbox 1054 4309 1817 4393; baseline 0.008 -30"><span class='ocrx_word' id='word_1_683' title='bbox 1054 4309 1249 4393; x_wconf 78' lang='lat' dir='ltr'><strong>approbaturus</strong></span> <span class='ocrx_word' id='word_1_684' title='bbox 1259 4322 1350 4364; x_wconf 78' lang='lat' dir='ltr'><strong>renutu</strong></span> <span class='ocrx_word' id='word_1_685' title='bbox 1362 4312 1417 4381; x_wconf 76' lang='lat' dir='ltr'><strong>ejus</strong></span> <span class='ocrx_word' id='word_1_686' title='bbox 1429 4313 1457 4365; x_wconf 87' lang='lat' dir='ltr'><strong>in</strong></span> <span class='ocrx_word' id='word_1_687' title='bbox 1467 4317 1618 4385; x_wconf 72' lang='lat' dir='ltr'><strong>praesectum</strong></span> <span class='ocrx_word' id='word_1_688' title='bbox 1632 4317 1702 4369; x_wconf 83' lang='lat' dir='ltr'><strong>urbis</strong></span> <span class='ocrx_word' id='word_1_689' title='bbox 1712 4315 1817 4370; x_wconf 83' lang='lat' dir='ltr'><strong>eiectic-</strong></span> 
     </span>
     <span class='ocr_line' id='line_1_106' title="bbox 1053 4390 1203 4451; baseline 0 -17"><span class='ocrx_word' id='word_1_690' title='bbox 1053 4397 1113 4434; x_wconf 83' lang='lat' dir='ltr'><strong>nenr</strong></span> <span class='ocrx_word' id='word_1_691' title='bbox 1122 4390 1203 4451; x_wconf 82' lang='lat' dir='ltr'><strong>cupit.</strong></span> 
     </span>
    </p>
   </div>
   <div class='ocr_carea' id='block_1_28' title="bbox 978 4464 1817 4542">
    <p class='ocr_par' dir='ltr' id='par_1_28' title="bbox 978 4464 1817 4542">
     <span class='ocr_line' id='line_1_107' title="bbox 978 4464 1817 4542; baseline 0.012 -19"><span class='ocrx_word' id='word_1_692' title='bbox 978 4464 1005 4523; x_wconf 87' lang='lat' dir='ltr'><strong>D</strong></span> <span class='ocrx_word' id='word_1_693' title='bbox 1054 4471 1192 4540; x_wconf 77' lang='lat' dir='ltr'><strong>rimamus,</strong></span> <span class='ocrx_word' id='word_1_694' title='bbox 1208 4468 1303 4528; x_wconf 86' lang='lat' dir='ltr'><strong>Patres</strong></span> <span class='ocrx_word' id='word_1_695' title='bbox 1317 4470 1480 4542; x_wconf 89' lang='lat' dir='ltr'><strong>Conseripti,</strong></span> <span class='ocrx_word' id='word_1_696' title='bbox 1496 4472 1642 4541; x_wconf 86' lang='lat' dir='ltr'><strong>dignitates</strong></span> <span class='ocrx_word' id='word_1_697' title='bbox 1657 4476 1771 4532; x_wconf 75' lang='lat' dir='ltr'><strong>eximias</strong></span> <span class='ocrx_word' id='word_1_698' title='bbox 1782 4477 1817 4533; x_wconf 89' lang='lat' dir='ltr'><strong>de</strong></span> 
     </span>
    </p>
   </div>
   <div class='ocr_carea' id='block_1_29' title="bbox 1015 4564 1818 5365">
    <p class='ocr_par' dir='ltr' id='par_1_29' title="bbox 1015 4564 1818 5365">
     <span class='ocr_line' id='line_1_108' title="bbox 1015 4564 1817 4634; baseline 0.007 -14"><span class='ocrx_word' id='word_1_699' title='bbox 1015 4571 1110 4620; x_wconf 88' lang='lat' dir='ltr'><strong>nostra</strong></span> <span class='ocrx_word' id='word_1_700' title='bbox 1125 4564 1292 4634; x_wconf 89' lang='lat' dir='ltr'><strong>benignitate</strong></span> <span class='ocrx_word' id='word_1_701' title='bbox 1317 4574 1469 4623; x_wconf 83' lang='lat' dir='ltr'><strong>nascentes.</strong></span> <span class='ocrx_word' id='word_1_702' title='bbox 1493 4565 1597 4622; x_wconf 87' lang='lat' dir='ltr'><strong>Publici</strong></span> <span class='ocrx_word' id='word_1_703' title='bbox 1616 4571 1688 4624; x_wconf 92' lang='lat' dir='ltr'><strong>enim</strong></span> <span class='ocrx_word' id='word_1_704' title='bbox 1711 4569 1817 4626; x_wconf 87' lang='lat' dir='ltr'><strong>decoris</strong></span> 
     </span>
     <span class='ocr_line' id='line_1_109' title="bbox 1016 4656 1818 4726; baseline 0.005 -15"><span class='ocrx_word' id='word_1_705' title='bbox 1016 4664 1105 4712; x_wconf 90' lang='lat' dir='ltr'><strong>mater</strong></span> <span class='ocrx_word' id='word_1_706' title='bbox 1118 4664 1162 4712; x_wconf 88' lang='lat' dir='ltr'><strong>est</strong></span> <span class='ocrx_word' id='word_1_707' title='bbox 1174 4670 1250 4711; x_wconf 91' lang='lat' dir='ltr'><strong>mens</strong></span> <span class='ocrx_word' id='word_1_708' title='bbox 1265 4656 1403 4725; x_wconf 85' lang='lat' dir='ltr'><strong>regentis:</strong></span> <span class='ocrx_word' id='word_1_709' title='bbox 1425 4664 1452 4712; x_wconf 90' lang='lat' dir='ltr'><strong>ct</strong></span> <span class='ocrx_word' id='word_1_710' title='bbox 1463 4659 1542 4726; x_wconf 88' lang='lat' dir='ltr'><strong>quale</strong></span> <span class='ocrx_word' id='word_1_711' title='bbox 1560 4658 1641 4715; x_wconf 89' lang='lat' dir='ltr'><strong>luerit</strong></span> <span class='ocrx_word' id='word_1_712' title='bbox 1653 4660 1818 4716; x_wconf 88' lang='lat' dir='ltr'><strong>dominantis</strong></span> 
     </span>
     <span class='ocr_line' id='line_1_110' title="bbox 1018 4746 1816 4821; baseline 0.005 -19"><span class='ocrx_word' id='word_1_713' title='bbox 1018 4747 1168 4813; x_wconf 86' lang='lat' dir='ltr'><strong>arbitrium,</strong></span> <span class='ocrx_word' id='word_1_714' title='bbox 1184 4746 1266 4803; x_wconf 90' lang='lat' dir='ltr'><strong>talem</strong></span> <span class='ocrx_word' id='word_1_715' title='bbox 1288 4748 1360 4818; x_wconf 91' lang='lat' dir='ltr'><strong>parit</strong></span> <span class='ocrx_word' id='word_1_716' title='bbox 1379 4748 1512 4805; x_wconf 89' lang='lat' dir='ltr'><strong>libertatis</strong></span> <span class='ocrx_word' id='word_1_717' title='bbox 1525 4760 1674 4821; x_wconf 89' lang='lat' dir='ltr'><strong>aspectum.</strong></span> <span class='ocrx_word' id='word_1_718' title='bbox 1701 4749 1816 4806; x_wconf 83' lang='lat' dir='ltr'><strong>Facilius</strong></span> 
     </span>
     <span class='ocr_line' id='line_1_111' title="bbox 1018 4837 1816 4910; baseline -0.001 -14"><span class='ocrx_word' id='word_1_719' title='bbox 1018 4845 1061 4896; x_wconf 89' lang='lat' dir='ltr'><strong>est</strong></span> <span class='ocrx_word' id='word_1_720' title='bbox 1074 4840 1184 4910; x_wconf 90' lang='lat' dir='ltr'><strong>quippe,</strong></span> <span class='ocrx_word' id='word_1_721' title='bbox 1200 4837 1223 4894; x_wconf 88' lang='lat' dir='ltr'><strong>si</strong></span> <span class='ocrx_word' id='word_1_722' title='bbox 1236 4837 1327 4895; x_wconf 90' lang='lat' dir='ltr'><strong>dicere</strong></span> <span class='ocrx_word' id='word_1_723' title='bbox 1341 4838 1381 4894; x_wconf 90' lang='lat' dir='ltr'><strong>las</strong></span> <span class='ocrx_word' id='word_1_724' title='bbox 1395 4848 1452 4907; x_wconf 88' lang='lat' dir='ltr'><strong>est,</strong></span> <span class='ocrx_word' id='word_1_725' title='bbox 1472 4855 1564 4895; x_wconf 88' lang='lat' dir='ltr'><strong>errare</strong></span> <span class='ocrx_word' id='word_1_726' title='bbox 1577 4848 1712 4906; x_wconf 88' lang='lat' dir='ltr'><strong>naturam,</strong></span> <span class='ocrx_word' id='word_1_727' title='bbox 1734 4853 1816 4909; x_wconf 89' lang='lat' dir='ltr'><strong>quarn</strong></span> 
     </span>
     <span class='ocr_line' id='line_1_112' title="bbox 1018 4928 1815 5001; baseline 0.004 -17"><span class='ocrx_word' id='word_1_728' title='bbox 1018 4928 1177 4987; x_wconf 88' lang='lat' dir='ltr'><strong>dissimilem</strong></span> <span class='ocrx_word' id='word_1_729' title='bbox 1190 4930 1234 4985; x_wconf 89' lang='lat' dir='ltr'><strong>sui</strong></span> <span class='ocrx_word' id='word_1_730' title='bbox 1244 4930 1370 5001; x_wconf 91' lang='lat' dir='ltr'><strong>princeps</strong></span> <span class='ocrx_word' id='word_1_731' title='bbox 1384 4931 1469 5001; x_wconf 89' lang='lat' dir='ltr'><strong>possit</strong></span> <span class='ocrx_word' id='word_1_732' title='bbox 1484 4930 1601 4986; x_wconf 90' lang='lat' dir='ltr'><strong>lormare</strong></span> <span class='ocrx_word' id='word_1_733' title='bbox 1614 4931 1737 5000; x_wconf 88' lang='lat' dir='ltr'><strong>rempub.</strong></span> <span class='ocrx_word' id='word_1_734' title='bbox 1748 4929 1815 4988; x_wconf 84' lang='lat' dir='ltr'><strong>ilinc</strong></span> 
     </span>
     <span class='ocr_line' id='line_1_113' title="bbox 1019 5018 1809 5091; baseline 0.003 -16"><span class='ocrx_word' id='word_1_735' title='bbox 1019 5027 1061 5075; x_wconf 88' lang='lat' dir='ltr'><strong>est</strong></span> <span class='ocrx_word' id='word_1_736' title='bbox 1078 5018 1152 5091; x_wconf 94' lang='lat' dir='ltr'><strong>quod</strong></span> <span class='ocrx_word' id='word_1_737' title='bbox 1165 5019 1298 5089; x_wconf 88' lang='lat' dir='ltr'><strong>cupimus,</strong></span> <span class='ocrx_word' id='word_1_738' title='bbox 1312 5028 1343 5074; x_wconf 92' lang='lat' dir='ltr'><strong>ut</strong></span> <span class='ocrx_word' id='word_1_739' title='bbox 1356 5020 1494 5091; x_wconf 90' lang='lat' dir='ltr'><strong>perpetuis</strong></span> <span class='ocrx_word' id='word_1_740' title='bbox 1506 5019 1653 5074; x_wconf 90' lang='lat' dir='ltr'><strong>bonoribus</strong></span> <span class='ocrx_word' id='word_1_741' title='bbox 1667 5019 1809 5089; x_wconf 81' lang='lat' dir='ltr'><strong>fulgeatis,</strong></span> 
     </span>
     <span class='ocr_line' id='line_1_114' title="bbox 1018 5112 1817 5186; baseline 0 -16"><span class='ocrx_word' id='word_1_742' title='bbox 1018 5114 1081 5186; x_wconf 92' lang='lat' dir='ltr'><strong>quia</strong></span> <span class='ocrx_word' id='word_1_743' title='bbox 1098 5113 1227 5185; x_wconf 89' lang='lat' dir='ltr'><strong>quidquid</strong></span> <span class='ocrx_word' id='word_1_744' title='bbox 1241 5112 1275 5170; x_wconf 90' lang='lat' dir='ltr'><strong>de</strong></span> <span class='ocrx_word' id='word_1_745' title='bbox 1289 5112 1367 5169; x_wconf 85' lang='lat' dir='ltr'><strong>robis</strong></span> <span class='ocrx_word' id='word_1_746' title='bbox 1390 5112 1460 5168; x_wconf 88' lang='lat' dir='ltr'><strong>larna</strong></span> <span class='ocrx_word' id='word_1_747' title='bbox 1474 5113 1604 5182; x_wconf 86' lang='lat' dir='ltr'><strong>loquitur,</strong></span> <span class='ocrx_word' id='word_1_748' title='bbox 1626 5113 1726 5170; x_wconf 86' lang='lat' dir='ltr'><strong>nostris</strong></span> <span class='ocrx_word' id='word_1_749' title='bbox 1740 5113 1817 5169; x_wconf 91' lang='lat' dir='ltr'><strong>insti·</strong></span> 
     </span>
     <span class='ocr_line' id='line_1_115' title="bbox 1020 5204 1815 5277; baseline -0.001 -15"><span class='ocrx_word' id='word_1_750' title='bbox 1020 5207 1171 5263; x_wconf 83' lang='lat' dir='ltr'><strong>tutioribus</strong></span> <span class='ocrx_word' id='word_1_751' title='bbox 1184 5205 1344 5277; x_wconf 85' lang='lat' dir='ltr'><strong>applicatur.</strong></span> <span class='ocrx_word' id='word_1_752' title='bbox 1362 5205 1429 5259; x_wconf 81' lang='lat' dir='ltr'><strong>Nam</strong></span> <span class='ocrx_word' id='word_1_753' title='bbox 1445 5219 1507 5260; x_wconf 89' lang='lat' dir='ltr'><strong>cum</strong></span> <span class='ocrx_word' id='word_1_754' title='bbox 1522 5204 1613 5259; x_wconf 90' lang='lat' dir='ltr'><strong>omnia</strong></span> <span class='ocrx_word' id='word_1_755' title='bbox 1624 5204 1697 5259; x_wconf 91' lang='lat' dir='ltr'><strong>celsa</strong></span> <span class='ocrx_word' id='word_1_756' title='bbox 1710 5220 1815 5262; x_wconf 89' lang='lat' dir='ltr'><strong>merea·</strong></span> 
     </span>
     <span class='ocr_line' id='line_1_116' title="bbox 1021 5290 1817 5365; baseline 0.003 -13"><span class='ocrx_word' id='word_1_757' title='bbox 1021 5290 1098 5364; x_wconf 83' lang='lat' dir='ltr'><strong>niini,</strong></span> <span class='ocrx_word' id='word_1_758' title='bbox 1112 5306 1232 5352; x_wconf 89' lang='lat' dir='ltr'><strong>nostram</strong></span> <span class='ocrx_word' id='word_1_759' title='bbox 1248 5294 1374 5351; x_wconf 82' lang='lat' dir='ltr'><strong>invidiam</strong></span> <span class='ocrx_word' id='word_1_760' title='bbox 1389 5295 1483 5365; x_wconf 90' lang='lat' dir='ltr'><strong>tangit,</strong></span> <span class='ocrx_word' id='word_1_761' title='bbox 1499 5295 1522 5350; x_wconf 91' lang='lat' dir='ltr'><strong>si</strong></span> <span class='ocrx_word' id='word_1_762' title='bbox 1535 5294 1600 5364; x_wconf 92' lang='lat' dir='ltr'><strong>quid</strong></span> <span class='ocrx_word' id='word_1_763' title='bbox 1610 5295 1687 5351; x_wconf 87' lang='lat' dir='ltr'><strong>robis</strong></span> <span class='ocrx_word' id='word_1_764' title='bbox 1702 5295 1817 5354; x_wconf 82' lang='lat' dir='ltr'><strong>sortasse</strong></span> 
     </span>
    </p>
   </div>
   <div class='ocr_carea' id='block_1_30' title="bbox 1020 5533 1817 5733">
    <p class='ocr_par' dir='ltr' id='par_1_30' title="bbox 1020 5533 1817 5733">
     <span class='ocr_line' id='line_1_117' title="bbox 1020 5533 1817 5617; baseline 0 -25"><span class='ocrx_word' id='word_1_765' title='bbox 1020 5533 1158 5615; x_wconf 86' lang='lat' dir='ltr'><strong>utindleat</strong></span> <span class='ocrx_word' id='word_1_766' title='bbox 1170 5535 1244 5589; x_wconf 85' lang='lat' dir='ltr'><strong>locus</strong></span> <span class='ocrx_word' id='word_1_767' title='bbox 1255 5534 1336 5616; x_wconf 85' lang='lat' dir='ltr'><strong>prisci</strong></span> <span class='ocrx_word' id='word_1_768' title='bbox 1350 5537 1467 5591; x_wconf 88' lang='lat' dir='ltr'><strong>auctoris</strong></span> <span class='ocrx_word' id='word_1_769' title='bbox 1479 5533 1817 5617; x_wconf 77' lang='lat' dir='ltr'><strong>ilcpontilicibuslloman.</strong></span> 
     </span>
     <span class='ocr_line' id='line_1_118' title="bbox 1021 5603 1816 5733; baseline -0.001 -71"><span class='ocrx_word' id='word_1_770' title='bbox 1021 5610 1046 5662; x_wconf 93' lang='lat' dir='ltr'><strong>in</strong></span> <span class='ocrx_word' id='word_1_771' title='bbox 1072 5615 1126 5660; x_wconf 81' lang='lat' dir='ltr'><strong>vua</strong></span> <span class='ocrx_word' id='word_1_772' title='bbox 1148 5603 1264 5659; x_wconf 82' lang='lat' dir='ltr'><strong>blarcellr</strong></span> <span class='ocrx_word' id='word_1_773' title='bbox 1289 5620 1368 5684; x_wconf 76' lang='lat' dir='ltr'><strong>pape</strong></span> <span class='ocrx_word' id='word_1_774' title='bbox 1391 5607 1462 5733; x_wconf 56' lang='lat' dir='ltr'><strong>apud</strong></span> <span class='ocrx_word' id='word_1_775' title='bbox 1484 5605 1629 5664; x_wconf 79' lang='lat' dir='ltr'><strong>baronium</strong></span> <span class='ocrx_word' id='word_1_776' title='bbox 1645 5622 1673 5662; x_wconf 88' lang='grc' dir='ltr'><strong>ιιι</strong></span> <span class='ocrx_word' id='word_1_777' title='bbox 1694 5617 1767 5664; x_wconf 87' lang='lat' dir='ltr'><strong>notts</strong></span> <span class='ocrx_word' id='word_1_778' title='bbox 1782 5605 1816 5662; x_wconf 89' lang='lat' dir='ltr'><strong>ad</strong></span> 
     </span>
    </p>
   </div>
   <div class='ocr_carea' id='block_1_31' title="bbox 1020 5674 1584 5747">
    <p class='ocr_par' dir='ltr' id='par_1_31' title="bbox 1020 5674 1584 5747">
     <span class='ocr_line' id='line_1_119' title="bbox 1020 5674 1584 5747; baseline 0.005 -14"><span class='ocrx_word' id='word_1_779' title='bbox 1020 5676 1162 5747; x_wconf 73' lang='lat' dir='ltr'><strong>lirin-rot.</strong></span> <span class='ocrx_word' id='word_1_780' title='bbox 1180 5676 1294 5732; x_wconf 82' lang='lat' dir='ltr'><strong>llutrtau.</strong></span> <span class='ocrx_word' id='word_1_781' title='bbox 1307 5674 1351 5734; x_wconf 88' lang='lat' dir='ltr'><strong>dre</strong></span> <span class='ocrx_word' id='word_1_782' title='bbox 1366 5677 1398 5733; x_wconf 82' lang='lat' dir='ltr'><strong>lt</strong></span> <span class='ocrx_word' id='word_1_783' title='bbox 1426 5693 1470 5732; x_wconf 85' lang='grc' dir='ltr'>ιιι.</span> <span class='ocrx_word' id='word_1_784' title='bbox 1487 5675 1584 5736; x_wconf 80' lang='grc' dir='ltr'>Ιιιιιί.</span> 
     </span>
    </p>
   </div>
   <div class='ocr_carea' id='block_1_32' title="bbox 0 0 2042 6180">
    <p class='ocr_par' dir='ltr' id='par_1_32' title="bbox 0 0 2042 6180">
     <span class='ocr_line' id='line_1_120' title="bbox 0 0 2042 6180; baseline 0 0"><span class='ocrx_word' id='word_1_785' title='bbox 0 0 2042 6180; x_wconf 95' lang='lat' dir='ltr'><strong> </strong></span> 
     </span>
    </p>
   </div>
  </div>
 </body>
</html>
