4059 6184
188 341 245 401 nte

814 338 849 394 tt.
868 336 1008 396 ebnettt
1027 333 1224 393 casalonottt

1779 327 1837 388 allel

190 454 253 508 duru
266 451 301 508 ad
316 466 367 509 nos
389 450 686 521 renent„expertetnr
707 458 806 505 unstrre
824 448 1023 512 munillcen-,l
1073 446 1123 504 liic
1133 447 1240 516 quidem
1251 444 1358 499 libellus
1367 451 1409 500 est
1419 444 1581 501 reversionis
1593 441 1699 498 Eusebii
1710 450 1739 498 et
1750 442 1840 497 Tiren-

194 543 256 598 tiam
271 544 387 614 pictatis.
403 543 473 598 licus
486 541 624 598 cttstotliat
638 550 675 606 te,
692 540 775 597 irater
785 541 954 597 charissime.

226 630 369 687 Sufficiunt
382 631 492 699 quidem
507 631 564 686 haec
576 630 611 687 ad
621 630 834 699 conjiciendum,
848 630 933 698 tnagis
943 645 992 684 ιιι-

192 733 248 780 tem
261 731 355 793 aperte
369 724 545 785 noscendum,
555 721 783 793 quemadmodum
798 720 992 777 iarrrosissirnus

193 814 340 883 imperator
364 827 442 867 suum
469 812 587 867 studium
613 812 694 869 circa'
711 827 788 867 saera
810 812 991 867 constituerit.

193 903 318 958 Attamen
346 902 472 973 adjiciam
493 917 552 972 qtue
571 903 654 959 etiarn
675 904 748 958 circs
771 901 994 972 salutaresepul-

1045 538 1129 604 gonii.
1141 537 1280 594 Exterhis
1293 546 1383 592 autent
1396 537 1455 607 elus
1469 536 1584 606 conjicio
1598 536 1660 606 qnia
1675 534 1719 590 isti
1733 532 1841 603 quidem

1045 628 1154 683 dictatae
1179 627 1239 683 ndei
1263 627 1499 698 subscripserunt,
1515 625 1680 681 damnationi
1699 638 1764 679 sero
1785 622 1841 679 Arii

1045 720 1200 775 consentire
1214 720 1368 776 noluerunt.
1385 717 1422 771 Ea
1438 733 1492 787 quo
1506 725 1534 773 et
1549 718 1628 772 Arius
1640 725 1704 771 aute
1719 714 1785 770 istos
1798 728 1842 769 ιι-

1046 820 1156 868 vocatus
1167 813 1331 880 agnoscitur.
1346 810 1400 866 Sed
1413 811 1476 866 licet
1486 810 1539 866 hoe
1550 810 1587 863 ita
1599 824 1629 863 se
1640 808 1741 863 babere
1752 805 1842 860 ridea-

1045 911 1098 967 tur,
1111 911 1200 957 tanuen
1213 901 1403 957 Alexandriam
1417 899 1547 955 accedere
1558 899 1709 969 prohibitus
1718 905 1769 952 est.
1784 895 1842 950 line

193 1011 268 1049 mum
282 997 406 1064 gesserit.
1045 1002 1135 1049 antem
1148 993 1299 1050 ostenditur
1309 1008 1342 1048 er
1356 991 1413 1061 eJ'us
1427 991 1651 1060 cogitationibus,
1667 1003 1734 1060 quas
1747 998 1842 1058 postca

231 1088 386 1158 agnoscens
400 1089 472 1143 enim
486 1088 614 1156 qnoniam
628 1085 708 1152 elati,
730 1094 759 1141 et
772 1085 844 1141 circa
858 1084 993 1141 eobanum
1045 1084 1156 1141 molitus
1179 1085 1333 1150 intuebitur,
1353 1084 1481 1152 tigmcnto
1500 1099 1554 1137 sure
1575 1082 1758 1153 poenitentia,
1772 1079 1843 1134 sicut

194 1179 357 1234 bacchantes
379 1177 533 1240 idolorum,
558 1174 713 1244 sepulcrum
739 1172 844 1229 Domini
868 1173 994 1228 sontibus
1045 1186 1197 1246 opportune
1211 1174 1329 1242 patefiet.
1351 1174 1502 1238 Βοιιιιτιι,
1518 1174 1563 1228 tto.
1580 1191 1606 1241 r,
1623 1190 1681 1243 cup.
1699 1171 1741 1227 ld.
1767 1168 1839 1224 Edit.

195 1276 358 1340 operuerant
374 1285 381 1321 r
398 1266 526 1322 oblivioni
549 1266 656 1321 tradere
679 1264 877 1321 contendentes
890 1278 994 1320 menin—
1045 1265 1191 1337 christoph.
1214 1266 1299 1322 Voles.
1316 1282 1375 1334 erp.
1391 1264 1439 1329 tt,
1455 1283 1481 1335 p.
1496 1264 1541 1319 t5.

196 1362 263 1415 riam
276 1359 445 1422 salutarem;
468 1364 495 1410 et
514 1356 629 1425 desuper
649 1356 777 1424 templum
795 1340 994 1410 aedilicaverant
1276 1403 1357 1473 23²
1375 1398 1489 1455 mm,
1508 1398 1590 1452 mn

197 1449 417 1505 luxuriosissima
430 1446 573 1512 delrionis,
593 1446 618 1499 id
636 1444 813 1511 reticueris,
828 1442 995 1499 utillicvir-
1045 1492 1085 1547 De
1098 1492 1260 1547 dedicatione
1277 1502 1303 1545 a
1316 1493 1475 1546 mammis
1488 1491 1610 1556 (mmm,
1624 1497 1649 1544 e,
1664 1488 1696 1542 de
1709 1490 1778 1543 cum
1792 1488 1839 1543 ιθ,

197 1542 289 1608 ginum
302 1536 425 1594 cantibus
442 1536 619 1602 insultareut3
639 1534 766 1607 pracepit
784 1534 886 1590 destrui
905 1532 993 1588 scelr-
1079 1565 1285 1633 mmmmm.
1305 1571 1329 1615 e,
1350 1564 1420 1632 Quo
1440 1563 1539 1625 mm,
1558 1573 1634 1631 mque
1652 1559 1732 1614 clm
1750 1559 1841 1628 quim

196 1628 360 1685 ratissimum
382 1626 531 1699 tempium,
553 1628 693 1696 ipsumque
717 1625 855 1696 puluerem
880 1622 995 1678 funestis
1081 1633 1275 1702 pompm„
1290 1631 1427 1687 pompm„

196 1718 336 1775 &cimelii
345 1717 473 1772 Vl⁰l⁸¹¹¹m
484 1715 556 1785 ‘liefr
567 1725 594 1770 ei
605 1730 637 1785 pr
638 1714 698 1769 ⁰0⁰¹
710 1729 725 1768 θ
738 1713 848 1769 cilum
858 1712 992 1783 disderii&
1081 1723 1232 1793 imperator
1251 1723 1353 1777 interea
1376 1729 1439 1791 post
1456 1720 1599 1778 concilium
1621 1720 1734 1790 degebat
1755 1728 1840 1774 taetus.

197 1808 295 1865 deinde
306 1806 455 1862 &elifium
468 1805 594 1861 ffldffifflfi
609 1804 665 1860 ⁰²⁰
679 1804 825 1859 minimum
839 1818 921 1873 aque
934 1803 994 1874 llll·
1013 1829 1033 1884 ιι
1048 1811 1190 1868 Celebrate
1204 1826 1269 1882 ergo
1289 1810 1434 1867 festivitate
1451 1811 1556 1880 publica
1576 1810 1760 1865 Vicetmaliurn
1777 1824 1842 1865 suo·

199 1900 371 1965 alternatum,
386 1898 455 1955 sicut
469 1898 625 1966 designatur
640 1913 674 1952 ex
689 1896 748 1968 ejus
762 1897 875 1968 epistola
890 1897 923 1952 ati
938 1896 995 1951 Ma·
1048 1919 1126 1969 rum,
1142 1919 1206 1959 mox
1227 1903 1260 1958 ad
1279 1903 1419 1972 erigendas
1440 1902 1569 1959 eeclesias
1587 1900 1700 1957 festinius
1720 1899 1840 1957 accessit.

200 1992 303 2048 sarium
326 1991 411 2061 ipsius
425 1991 540 2046 ciuitatis
563 1990 720 2062 episcopum
736 1989 881 2046 destinata.
906 1989 997 2046 Taso·
1050 1996 1107 2052 llne
1121 1996 1213 2065 itaque
1227 1993 1343 2050 iaciebat
1358 2009 1408 2063 per
1422 1994 1542 2063 singulas
1555 1993 1680 2048 ciuitates
1693 2001 1721 2048 et
1735 1992 1762 2046 in
1777 1992 1844 2047 urbe

197 2098 329 2151 nonsrtm,
344 2084 389 2139 tit.
405 2100 424 2149 t,
440 2099 499 2152 cap.
518 2082 561 2148 lb,
578 2099 605 2152 p.
620 2079 665 2136 45.
1048 2085 1217 2156 cognominis
1243 2084 1295 2140 sui.
1326 2071 1484 2150 Sarmatas,
1505 2082 1549 2138 lib.
1571 2099 1597 2146 r,
1618 2100 1676 2151 rap.
1699 2079 1754 2148 lb,
1779 2081 1841 2136 edit.

493 2210 709 2268 sarnrxvu.
1048 2173 1145 2230 cumr.

406 2327 411 2339 .
472 2328 478 2339 .
653 2326 659 2336 .
855 2324 862 2338 ,
1083 2266 1151 2322 Nam
1165 2280 1227 2321 cum
1241 2266 1267 2320 ei
1283 2264 1373 2320 omnia
1386 2277 1516 2335 prospere
1541 2262 1683 2328 cederent,
1706 2261 1842 2333 propriam

218 2328 330 2383 Libellus
344 2323 548 2400 penetrauerat
564 2323 714 2380 Eusebroet
730 2323 877 2397 Theopouto
891 2325 977 2378 dutrrs.
1048 2356 1134 2413 voluit
1154 2356 1277 2411 habim
1295 2355 1442 2411 civitatem.
1469 2352 1640 2424 veniensque
1663 2351 1696 2408 ad
1717 2367 1842 2422 campum

235 2442 368 2499 Eusebius
378 2442 460 2511 igitur
479 2449 508 2496 et
518 2439 691 2508 theogonius
702 2439 867 2509 poerritentiae
878 2438 998 2493 libellum
1049 2456 1114 2503 anae
1129 2446 1205 2502 lllqm
1220 2447 1337 2517 positum
1349 2445 1427 2515 juxta
1442 2443 1644 2515 Hellespontum
1659 2458 1741 2513 super
1754 2442 1844 2511 ajacis

200 2536 314 2591 summis
326 2532 461 2602 episcopis
475 2532 631 2600 dirigentes,
645 2532 680 2586 ab
694 2530 790 2587 exsilio
801 2531 921 2587 revocati
934 2535 999 2585 sunt
1049 2538 1200 2605 tumulum,
1215 2536 1261 2592 uni
1274 2536 1368 2592 ‚loheel
1382 2544 1478 2591 contra
1501 2533 1609 2603 'frojam
1629 2542 1780 2604 pugnam
1793 2531 1842 2587 ιι.

201 2625 333 2695 httperiali
348 2631 492 2693 praeoenltt,
506 2630 534 2676 et
545 2637 610 2678 tuas
620 2619 756 2677 metetur
769 2627 940 2692 receperunt.
950 2634 998 2676 ex·
1049 2628 1164 2684 buerunt
1178 2635 1284 2692 eastra,
1300 2626 1438 2682 civitatem
1455 2625 1606 2694 designarit
1619 2633 1767 2695 portasque
1782 2622 1843 2678 lecit

202 2715 332 2785 pellentes
346 2728 394 2768 eos
413 2712 458 2782 qui
482 2712 508 2766 iu
530 2713 649 2781 ipsorum
670 2711 737 2767 locis
751 2710 856 2766 inerant
870 2708 996 2775 ordinati,
1049 2732 1110 2787 φη
1127 2717 1258 2772 hactenus
1271 2714 1398 2770 videntne
1418 2730 1434 2770 a
1455 2714 1652 2785 navigantibus.
1678 2713 1741 2770 llaec
1754 2711 1843 2783 agenti

201 2804 229 2860 id
242 2815 283 2861 est
297 2804 427 2860 Eusebius
439 2803 631 2873 hmpbionem,
642 2802 783 2858 chrestum
796 2817 861 2859 nero
874 2802 998 2874 Theogo-
1050 2825 1099 2881 per
1111 2816 1217 2864 uocum
1231 2806 1300 2862 bens
1311 2807 1444 2876 aparuit,
1457 2820 1570 2861 monens
1580 2816 1609 2859 ut
1619 2804 1701 2861 alium
1712 2809 1844 2875 quaereret

201 2896 271 2953 nius·
287 2893 370 2965 Culus
384 2893 466 2950 libelli
481 2894 620 2964 exentbltr
634 2895 686 2950 ¹1⁰0
698 2900 750 2949 esl-
1050 2902 1150 2963 locum,
1166 2912 1282 2967 eumque
1296 2912 1410 2953 monens
1424 2895 1458 2952 ad
1472 2895 1630 2968 Byzantium
1645 2895 1775 2963 Tltradm,
1790 2894 1844 2951 illic

237 2985 343 3042 bubum
357 2985 466 3055 quidem
480 2996 543 3042 ante
554 2985 685 3055 judicium
704 2983 877 3042 condemnati
892 2998 908 3039 a
921 2998 985 3041 rere
1050 3006 1112 3046 eum
1127 2987 1351 3056 nantarejusstt.
1367 2986 1516 3052 Seruum
1533 2986 1578 3041 tib.
1598 3002 1628 3052 u,
1645 3001 1703 3057 cap.
1720 2983 1749 3040 Ξ.
1769 2983 1841 3040 Edit.

202 3083 289 3139 rentia
312 3091 421 3145 restra,
436 3082 572 3151 patienter
596 3078 666 3135 ierre
684 3094 744 3150 qnae
768 3079 877 3135 decreta
900 3087 964 3135 sunt
982 3094 998 3135 a
1050 3079 1146 3136 dhrim.
1167 3079 1257 3135 Voles.
1271 3095 1328 3150 rep.
1345 3079 1373 3147 5,
1388 3096 1414 3148 p.
1431 3077 1495 3132 tat.

203 3172 422 3229 sanctoconeilio
433 3181 522 3226 restro
533 3170 685 3225 debuimus.
706 3169 759 3224 Sed
777 3170 840 3239 quia
854 3170 934 3225 nimis
950 3170 1035 3261 abc
1086 3174 1151 3241 Qum
1165 3187 1225 3229 cum
1239 3172 1363 3243 primitus
1378 3169 1535 3242 Byzantium
1549 3177 1701 3235 vocaretur,
1721 3166 1797 3224 aurit
1816 3175 1844 3223 et

203 3263 313 3318 surdum
328 3269 370 3317 est
382 3267 478 3316 contra
493 3260 672 3330 nosmetipsos
682 3259 748 3314 dare
761 3260 999 3315 calumniatoribus

204 3355 239 3409 de
260 3352 444 3409 taciturnitate
463 3349 669 3421 probationem,
693 3360 836 3421 propterea
859 3348 999 3407 referimus

204 3444 330 3514 quoniam
346 3458 396 3498 nos
410 3442 478 3498 etin
493 3439 545 3496 lide
564 3457 617 3497 una
634 3442 824 3511 cucurrimus,
844 3450 872 3498 et
890 3457 999 3498 sensum

206 3535 392 3591 cratrrinantcs
409 3535 442 3590 de
460 3534 746 3590 oorrsuhstantialitatis
767 3549 893 3592 sermone
910 3537 999 3591 cuncti

205 3625 339 3698 pucilleati
350 3640 441 3681 snmus
453 3643 460 3679 ι
472 3639 644 3696 nequaquam
654 3635 798 3695 sequentes
808 3626 940 3689 baeresim,
952 3627 1000 3682 sed

204 3724 449 3775 corrrmemorautcs
464 3717 524 3789 [ms.
541 3715 620 3788 bqr„
636 3715 846 3789 commorantes]
860 3716 894 3771 ad
908 3729 1001 3772 caute-

205 3812 258 3865 lam
272 3806 450 3864 Ecelesiarum
465 3821 525 3877 qum
538 3817 638 3861 nostrae
650 3805 845 3864 subveniebant
857 3808 950 3862 menti.
967 3806 1001 3863 Et

204 3897 401 3956 satisfacientes
409 3898 447 3951 eis
457 3910 472 3950 a
483 3896 581 3967 quibus
593 3911 699 3966 pernes
707 3894 814 3951 suaderi
823 3895 963 3962 debuerat,
973 3898 1000 3952 in

206 3991 259 4047 ttde
272 3990 489 4059 subscripsimus.
509 3989 739 4045 anathematismo
758 3998 847 4046 autem
865 4005 919 4047 non
937 3993 1001 4048 sub-

205 4082 369 4149 notavimus,
384 4095 437 4135 non
452 4089 578 4151 tanquam
594 4080 673 4137 neem
683 4092 852 4149 accusantes,
868 4086 915 4140 sed
927 4085 1001 4141 velut

206 4187 261 4227 non
273 4169 413 4227 eredentes
427 4170 507 4226 talem
521 4185 582 4227 esse
603 4187 665 4228 eum
683 4176 729 4243 qui
748 4173 835 4229 luerat
848 4186 999 4245 aecusatus,

205 4261 273 4319 certi
285 4261 320 4317 ds
333 4262 392 4330 elus
409 4260 444 4316 ad
469 4275 519 4317 nos
540 4261 648 4319 directis
661 4264 802 4334 epistolis,
821 4275 849 4320 et
867 4267 938 4323 inter
950 4282 1001 4323 uos

205 4351 432 4423 disputationibus
447 4351 555 4407 habitis.
568 4351 596 4407 st
610 4354 690 4422 igitur
703 4356 871 4413 satisfactum
885 4365 926 4414 est
936 4373 1001 4414 san-

207 4451 252 4500 cto
266 4452 358 4500 nestro
371 4442 499 4510 coneilio,
514 4458 569 4499 nnn
584 4444 757 4514 reluctantes,
770 4449 818 4502 sed
832 4450 1001 4504 consentien-

1052 3263 1170 3320 maximo
1184 3278 1244 3318 earn
1258 3276 1336 3316 muro
1351 3259 1536 3324 circumdedit,
1552 3267 1581 3313 et
1595 3256 1709 3315 dirersis
1721 3267 1844 3315 ornatum

1051 3354 1158 3411 fabricis
1170 3369 1274 3424 requam
1287 3351 1417 3422 imperiali
1433 3350 1525 3406 noros
1537 3349 1677 3405 constituit
1691 3350 1754 3420 (ln.
1766 3348 1843 3404 llam.

1051 3448 1114 3518 555)
1130 3464 1138 3512 ;
1162 3460 1190 3502 ιι
1205 3447 1404 3501 denominatam
1418 3443 1699 3515 Constantinopolim,
1715 3443 1845 3516 appellari

1051 3538 1196 3593 secundam
1217 3536 1333 3591 Romam
1351 3535 1409 3604 lege
1427 3534 1557 3602 firmavit,
1579 3533 1649 3589 sient
1668 3534 1712 3589 lea
1737 3534 1795 3604 ipsa
1818 3533 1846 3589 iu

1051 3642 1204 3683 marmorea
1218 3627 1337 3697 platoma
1357 3625 1478 3682 noscitur
1496 3639 1557 3680 esse
1578 3625 1750 3695 cortseripta,
1772 3634 1800 3679 et
1819 3624 1845 3678 in

1052 3717 1271 3788 Strategiojmta
1281 3726 1433 3788 equestrem
1443 3724 1559 3772 statuam
1570 3715 1628 3784 eius
1638 3724 1680 3772 est
1689 3714 1845 3771 constituta.

1052 3808 1081 3863 ln
1096 3808 1149 3862 hae
1162 3821 1271 3876 quoque
1284 3803 1392 3861 civitate
1405 3805 1471 3860 duas
1484 3803 1593 3873 quidem
1607 3801 1750 3859 aedificarit
1760 3803 1847 3859 eccle-

1052 3899 1124 3964 sias,
1145 3910 1258 3968 quarunr
1277 3910 1358 3951 unam
1382 3895 1530 3950 nominarit
1544 3893 1668 3958 breuem,
1689 3893 1768 3948 aliam
1782 3907 1847 3948 rere

1054 3992 1198 4063 appebavit
1207 3988 1408 4061 Apostolorum.
1420 3988 1479 4046 Nou
1490 3989 1577 4044 solum
1587 3996 1689 4056 anum,
1699 3988 1771 4042 sicut
1779 3985 1845 4047 diri,

1054 4085 1129 4139 auxit
1137 4082 1330 4138 Constantinus
1341 4080 1388 4138 cn.
1396 4080 1552 4137 istiauorum
1562 4080 1698 4148 dogmata,
1708 4077 1756 4133 sed
1767 4078 1846 4133 etiam

1054 4189 1221 4244 paganorum
1235 4172 1333 4243 templa
1349 4172 1490 4230 destruxit.
1508 4171 1657 4226 Sirnulacra
1672 4184 1787 4239 namque
1799 4187 1846 4224 or·

1055 4276 1117 4320 nata
1132 4262 1238 4333 publice
1253 4264 1279 4318 in
1299 4261 1597 4331 constantinopolitana
1616 4263 1683 4315 urhe
1697 4260 1845 4330 proposuit,

1054 4367 1083 4413 et
1097 4355 1216 4427 tripodas
1230 4354 1371 4425 Delphicus
1386 4355 1411 4408 in
1426 4356 1499 4409 circo
1518 4353 1552 4407 ad
1565 4353 1750 4422 spectaculum
1762 4351 1845 4419 dedit,

1055 4452 1100 4522 qui
1115 4465 1176 4507 curn
1191 4450 1249 4519 ipso
1264 4446 1405 4516 dulcantur
1422 4454 1548 4515 aspectu,
1564 4445 1727 4500 reseruntur.
1745 4444 1846 4500 Secut-

207 4545 248 4592 tes
260 4536 377 4591 decretis
391 4537 499 4604 uestris,
514 4537 596 4593 etiam
613 4538 666 4594 bae
683 4540 882 4608 conscriptione
895 4540 1001 4596 sattsh-
1056 4559 1116 4607 res,
1131 4542 1176 4597 tit.
1190 4557 1209 4606 r,
1227 4556 1285 4610 erp.
1302 4537 1346 4594 ta.
1365 4537 1438 4593 Edit.
1453 4536 1600 4607 christoph.
1621 4535 1708 4591 Valet.
1727 4552 1786 4608 erp.
1801 4536 1845 4602 te,

207 4626 293 4681 cirues
314 4624 391 4682 tobis
407 4643 414 4679 ι
429 4641 483 4681 non
507 4628 632 4684 exsilium
655 4632 773 4700 grauiter
797 4630 933 4699 ferentes,
954 4633 1001 4689 sed
1053 4649 1080 4703 p.
1096 4629 1141 4686 lb.

207 4717 388 4789 suspicionem
402 4718 560 4787 abjicientes
575 4721 720 4780 haereseos.
734 4722 763 4778 Si
774 4725 845 4780 enim
857 4725 1002 4794 dignamini
1088 4722 1192 4779 Interea
1203 4731 1289 4777 mater
1301 4720 1470 4791 imperatoris
1480 4717 1593 4786 Helena,
1603 4716 1848 4786 cujrrseognomine

208 4826 280 4868 nune
293 4811 320 4866 in
334 4811 410 4867 rultu
423 4820 513 4868 restro
526 4828 578 4870 nos
591 4815 739 4886 suscipere,
755 4816 886 4872 habebitis
902 4818 927 4872 in
943 4834 1003 4874 otn-
1056 4814 1143 4869 vienm
1157 4812 1273 4881 Drepani
1288 4811 1414 4880 princeps
1427 4809 1566 4865 civitatem
1577 4809 1676 4863 dinavit
1696 4805 1849 4877 belesmo·

208 4903 287 4957 nibus
299 4911 495 4970 consonantes,
516 4912 544 4958 et
562 4915 651 4961 vestra
665 4915 809 4975 sequentes
823 4909 926 4978 pariter
937 4924 1004 4964 cort·
1054 4905 1115 4970 lim,
1129 4901 1267 4957 admonita
1286 4917 1335 4971 per
1352 4916 1476 4956 ⁵⁰¹¹¹¹¹¹¹¹¹¹
1491 4899 1524 4954 ld
1537 4898 1733 4971 J²¹⁰⁸⁰¹l¹¹¹⁸¹¹¹
1751 4914 1850 4971 imit*

208 4991 301 5047 stituta
315 5010 322 5045 ι
337 4992 447 5063 quando
465 4995 547 5048 etiarn
561 5009 624 5050 eum
638 4996 683 5065 qui
698 4997 725 5050 in
740 4997 781 5053 bis
794 5007 936 5055 aecusatus
950 5008 1002 5066 est,
1054 4999 1139 5064 rarit;
1160 5007 1188 5053 et
1201 4994 1337 5065 quondam
1357 4992 1506 5049 lentsalem
1523 4994 1657 5048 desertam
1670 4992 1740 5047 sient
1755 5007 1850 5062 pomo·

210 5082 309 5153 placuit
321 5085 480 5139 reverentie
493 5094 589 5141 uestrae
603 5085 780 5142 ‚elementiam
796 5092 944 5160 promereri
959 5100 1001 5146 at·
1054 5105 1113 5146 turm
1137 5086 1327 5144 custodiarium
1352 5084 1510 5147 inveniens,
1534 5082 1675 5152 requisivit
1695 5081 1849 5150 sepulcrum

208 5189 262 5244 que
274 5177 405 5232 revoemi.
422 5176 572 5232 absurdum
588 5193 703 5248 namque
717 5189 774 5246 est,
791 5183 812 5236 si
828 5182 910 5252 isqui
925 5194 1003 5254 puta-
1053 5182 1164 5238 Christi.
1185 5180 1262 5248 Qtrod
1277 5179 1339 5234 licet
1359 5176 1530 5238 «timentque,
1552 5185 1642 5231 tamen
1658 5173 1761 5229 invertit
1785 5173 1848 5243 (An.

208 5275 253 5320 tur
264 5281 324 5321 esse
337 5283 399 5322 rens
412 5277 557 5323 revocatur
579 5269 613 5324 ad
626 5271 842 5328 satisfaciendum
864 5275 892 5329 in
906 5276 1003 5344 quibus
1057 5275 1132 5331 born.
1148 5273 1221 5344 595).
1237 5273 1331 5343 ltaque
1345 5281 1455 5341 repente
1469 5272 1598 5341 templum
1613 5269 1677 5325 illud
1691 5269 1851 5325 scelestissi-

208 5355 537 5426 eiderogahatnmutnns
547 5363 1003 5435 eontrauostnetipsospmrbeamus
1056 5382 1128 5420 mum
1148 5364 1226 5433 dejici
1244 5363 1333 5433 lussit.
1360 5362 1394 5419 Et
1417 5363 1505 5433 palam
1532 5362 1603 5417 laeto
1625 5361 1729 5416 bomini
1755 5375 1852 5416 mona·

210 5463 259 5518 per
272 5449 481 5504 taciturnitatem
497 5451 687 5524 increpationis
695 5453 836 5524 iudicium.
853 5456 1001 5524 bignatnini
1056 5464 1156 5518 mento,
1172 5463 1355 5526 apparuerunt
1368 5456 1440 5511 circa
1456 5454 1483 5508 id
1497 5451 1617 5508 suffossa
1635 5462 1689 5506 tres
1703 5467 1808 5512 enices.
1823 5460 1852 5505 et

209 5562 284 5619 erga
295 5547 472 5604 sieutvestrre
481 5550 794 5616 couvenitrenerationi,
805 5559 833 5606 ιι
843 5550 898 5606 Deo
908 5566 1003 5606 aman-
1054 5550 1132 5613 elavi,
1148 5548 1227 5604 simul
1242 5557 1269 5603 et
1282 5547 1374 5603 titulus
1389 5548 1485 5602 litteris
1499 5545 1646 5608 Hebraicis,
1662 5544 1765 5600 Grecis
1778 5543 1852 5597 Lati-

210 5638 341 5695 tissimum
356 5639 501 5710 principem
515 5655 708 5708 commouere,
729 5653 757 5699 et
777 5658 871 5713 preces
885 5650 1003 5698 tractare
1055 5640 1149 5708 nisque
1167 5640 1336 5711 conscriptus
1348 5658 1355 5694 ε
1369 5656 1445 5695 assus
1460 5653 1612 5695 nazarenns
1626 5653 1678 5692 nst
1691 5651 1851 5692 tunsurus.

210 5737 332 5798 nostras,
348 5741 375 5786 et
389 5731 519 5786 uelociter
535 5732 568 5786 de
583 5732 661 5788 nobis
674 5748 734 5804 quae
747 5734 824 5791 tobis
837 5733 1002 5791 conueniunt
1054 5733 1208 5800 Soentrss,
1223 5733 1269 5788 tit.
1292 5750 1317 5802 ι,
1333 5751 1392 5806 cup.
1407 5734 1451 5789 15.
1472 5732 1544 5788 Edit.
1565 5732 1660 5786 Cirr-im.
1685 5729 1771 5784 Voles.
1790 5745 1851 5781 erro.

210 5817 330 5885 cogitare
343 5820 403 5894 [mr.
419 5819 492 5891 Lyn,
506 5820 663 5893 disputarcj.
1058 5825 1099 5893 li,
1115 5842 1140 5896 p.
1158 5824 1201 5882 dl.
