4059 6184
188 259 255 322 uasa
705 236 882 306 'ursroma
901 246 1120 304 τιιιιιιιιιι.
1142 244 1243 302 muno
1266 247 1310 303 to.
1770 254 1839 315 1053

164 383 238 441 „ret
254 370 390 429 adinvenit
405 366 514 424 modum
535 375 564 421 ut
578 363 697 421 auferret
712 362 841 435 pecunias
852 361 985 419 Christia-
1002 364 1118 423 Alenus
1132 360 1243 426 restitit,
1261 367 1289 415 et
1311 360 1430 417 fulminis
1449 361 1578 419 indicium
1599 366 1756 422 reservavit.
1779 366 1843 424 Sta·

187 481 294 523 norrun.
311 461 470 519 Noleotihns
485 474 551 531 ergo
574 455 730 514 sacrificare
751 453 895 526 pecuniam
915 452 987 507 mul·
1039 458 1112 506 tuam
1125 464 1189 506 vero
1199 449 1297 515 Christi
1312 460 1376 507 tunc
1390 452 1497 523 atridem
1512 454 1610 525 pagani
1626 456 1765 514 trahentes
1775 474 1843 515 con·

189 567 243 613 w„
259 554 396 625 amuis,
419 552 650 621 exigebanturque
669 563 734 603 rere
747 544 905 602 Christiani.
926 543 988 600 Sio-
1040 541 1186 610 fregerunt.
1203 541 1301 601 Postea
1311 560 1377 601 reru
1396 544 1541 603 Christiani
1556 548 1723 620 colligentes,
1748 553 1775 608 in
1797 568 1844 611 eo-

188 646 242 717 guli
259 657 377 714 namque
396 648 490 698 coriam
506 638 654 695 secundum
667 638 709 692 sni
721 637 899 693 substantiam
919 633 988 691 olle·
1039 635 1150 690 clesiam
1168 636 1386 705 recondiderunt,
1401 640 1446 695 uhi
1461 639 1590 721 haetenus
1604 654 1768 702 reservatur.
1786 647 1844 704 lloc

189 738 295 799 rebant,
319 741 349 790 et
362 732 510 804 imperator
533 744 567 785 ex
589 727 687 799 injusta
707 727 868 784 collectione
891 724 990 795 injuste
1042 725 1136 794 itaque
1149 726 1334 792 simulacrum,
1362 729 1442 785 sicuti
1462 731 1547 787 refert
1560 731 1701 802 Eusebius,
1724 740 1844 795 omnium

189 828 277 886 lactus
293 826 408 882 idoneus
419 831 472 879 est.
489 820 541 877 Ubi
555 821 627 875 enirn
651 826 789 881 nouerat,
806 818 876 874 hanc
895 816 991 886 dirige
1041 815 1195 884 passionum
1208 825 1236 874 et
1250 818 1441 888 egritudinum
1454 822 1576 879 noscitur
1587 840 1648 881 esse
1660 827 1844 886 medicamen·

189 920 236 974 but
251 918 354 987 legemr
377 915 423 971 uhi
437 920 507 976 erat,
532 911 659 967 utebatur
680 909 748 980 ipse.
772 907 847 963 Tunc
862 922 927 976 ergo
943 921 991 977 pa·
1041 912 1108 959 tum.
1123 903 1203 961 Juxta
1227 908 1300 977 quod
1315 908 1437 979 quaedam
1462 910 1545 967 herba
1572 915 1742 983 germinarit,
1767 919 1845 989 eans

189 1008 251 1077 gani
279 1006 450 1062 Christianos
477 1003 596 1072 graviter
617 1006 828 1071 oppressernot3
854 998 990 1053 interdum
1041 996 1159 1065 speciem
1173 997 1263 1054 nullus
1275 1008 1373 1054 uostrae
1385 1006 1464 1057 terrae
1479 1001 1609 1071 medens,
1625 1006 1689 1062 licet
1702 1020 1840 1079 expertus,

191 1099 273 1154 etiam
299 1098 442 1154 tormentis
463 1095 651 1168 corporalibus
664 1093 821 1164 affligebant
839 1108 896 1148 ens.
911 1091 990 1160 Quod

191 1188 341 1260 iarpcrator
366 1190 499 1256 audiens,
523 1187 683 1243 Christianis
707 1187 808 1257 qnippe
830 1184 991 1239 atleuutthus

191 1296 266 1347 eum,
288 1280 433 1338 defendere
455 1279 659 1348 contemnebat,
678 1277 773 1334 diceus
788 1294 795 1330 ε
809 1275 932 1331 Vestrum
950 1282 992 1330 est

192 1381 224 1427 ut
236 1370 372 1441 patientes
390 1370 461 1425 mala
483 1369 656 1435 sustineatis;
670 1368 721 1423 boc
734 1367 806 1422 eninr
830 1374 871 1421 est
892 1379 992 1434 praece·
1017 1412 1026 1423 .

193 1472 271 1533 ptum
291 1462 375 1518 vestri
391 1461 449 1517 [lei.
474 1459 626 1525 socnam,
653 1459 699 1513 tit.
713 1474 754 1523 ιιι,
775 1474 834 1525 cup.
860 1455 904 1511 ll.
919 1455 991 1510 Edit.

193 1548 291 1606 Chrirt.
312 1550 402 1606 Pelet.
420 1566 481 1620 cup.
496 1548 531 1603 lt
544 1559 570 1604 et
584 1548 627 1602 lt.
644 1566 671 1619 ρ.
684 1545 747 1602 tet.

497 1681 613 1738 CAPUT
632 1680 688 1736 tlt.

331 1775 465 1841 Quomodo
479 1776 511 1831 ah
522 1775 691 1831 Antisthenis
704 1775 798 1849 irrisus
811 1775 857 1829 sit.

232 1865 315 1937 igitur
326 1867 475 1938 inoperatur
489 1874 758 1937 puguaturnscontra
774 1865 870 1920 Persas
883 1863 996 1920 venitm

197 1955 377 2013 Antiochiam.
393 1956 514 2025 Cumque
528 1956 644 2029 popolus
654 1964 823 2027 quereretur,
834 1958 897 2026 quia
912 1970 995 2009 verra·

198 2049 234 2104 lia
248 2048 357 2120 quidem
371 2046 550 2113 abundarent,
565 2047 613 2104 sed
627 2050 716 2103 carius
730 2046 931 2102 retinerentur:
948 2062 997 2101 ro·

198 2138 257 2195 lena
275 2139 487 2208 magnitudinem
507 2154 562 2195 eum
574 2138 706 2207 largitatis
720 2137 874 2204 ostendere,
890 2137 996 2191 minora

199 2245 280 2301 quarn
295 2228 388 2285 debuit
400 2231 487 2300 pretia
501 2231 529 2286 in
549 2228 608 2286 loro
624 2243 714 2284 rerum
726 2228 860 2283 renalium
883 2228 997 2295 depota-

199 2324 247 2378 ιιι.
263 2321 366 2378 Etcum
385 2323 515 2393 fugissent
536 2321 683 2377 tabernarii
703 2320 941 2389 negotiatoresque
956 2317 997 2373 di·

187 2414 282 2479 ,versi
305 2428 350 2469 res
370 2414 531 2470 necessarie
557 2413 724 2469 deiecerunt.
749 2411 910 2467 Antiochensi
931 2427 997 2467 vero

198 2506 318 2575 graviter
330 2506 383 2561 boc
399 2505 528 2571 serentes,
549 2504 728 2560 contumelias
742 2502 865 2560 lecerunt
878 2503 996 2573 impera-

199 2597 262 2653 tori.
278 2596 427 2661 Sorores..
449 2595 495 2652 lih.
512 2613 538 2663 u,
553 2613 613 2668 cup.
634 2593 679 2650 t8.
695 2594 768 2649 Edit.
792 2594 888 2650 Christ.
907 2594 995 2649 Voles.

199 2702 259 2758 cop.
276 2684 320 2751 la,
336 2703 362 2756 p.
376 2684 438 2740 hil.
886 2674 890 2679 ’

236 2778 424 2846 Querebautur
436 2778 509 2834 enim
526 2774 656 2834 aduersos
678 2792 749 2842 euro,
767 2776 878 2834 facetias
891 2785 925 2833 de
940 2777 998 2847 ejus

199 2870 284 2925 barba
298 2870 483 2940 proferentem
508 2870 652 2925 eratenim
667 2868 725 2938 ejus
740 2869 823 2924 barba
841 2870 920 2923 rutile
934 2884 998 2939 pro·

199 2960 266 3016 litu.
293 2960 423 3016 [licebant
443 2975 508 3029 ergo
521 2978 528 3013 ι
543 2958 717 3024 Tondentur,
742 2970 771 3014 nt
795 2960 828 3015 ml
845 2957 922 3015 sones
941 2959 999 3027 ejus

200 3052 326 3124 proficiat
339 3053 432 3109 harba.
450 3052 484 3107 m
494 3053 621 3125 quonium
635 3053 834 3123 superstitionis
847 3067 903 3107 suae
917 3067 997 3107 causa

201 3151 309 3198 taurum
324 3143 404 3198 idolis
417 3142 585 3212 frequentius
606 3142 773 3208 immolabat,
794 3157 870 3197 aram
882 3141 925 3197 rel
939 3126 1034 3195 tau-C

200 3248 261 3288 rum
286 3232 312 3286 in
327 3231 415 3288 solido
434 3248 485 3289 sno
500 3232 610 3289 formari
622 3233 760 3303 praecepit.
785 3230 826 3288 ou
839 3247 920 3305 quant
940 3247 998 3288 rem

203 3324 440 3391 lacerantesetao
459 3326 585 3381 dicebaut
597 3344 603 3379 ι
615 3325 668 3381 lste
687 3333 780 3381 taurus
803 3332 908 3381 evertet
922 3341 1000 3380 muo-

201 3415 277 3470 dum.
303 3414 351 3470 llis
364 3415 469 3488 injuriis
482 3425 645 3486 prouocatus
665 3415 698 3471 aul
722 3415 900 3480 iracundiam,
916 3417 1001 3473 iuter·

202 3508 321 3563 minatus
335 3516 376 3564 est
389 3523 419 3564 se
429 3506 599 3562 Antiochiam
610 3506 729 3577 ailligere
738 3509 885 3563 ciuitatem.
901 3506 1002 3576 Quam-

202 3598 297 3655 obrem
317 3597 351 3653 ad
374 3598 486 3654 Tarsum
501 3596 601 3654 Ciliciae
620 3599 719 3653 reuerti
737 3597 931 3668 interscissam
954 3614 1001 3655 ne-

202 3690 321 3745 cessaria
336 3690 494 3761 preparari.
509 3678 615 3759 Ex'qua
631 3689 781 3746 intentione
795 3705 857 3746 eom
880 3691 1002 3762 sophista

203 3778 333 3836 Libaoins
353 3782 501 3847 rcrocarit,
524 3780 644 3836 scribens
664 3794 715 3852 pro
729 3780 905 3837 Antiocheois
919 3780 1002 3837 inter·

202 3870 335 3927 cessionis
348 3856 455 3937 lillrum,
471 3878 499 3925 et
512 3886 606 3926 rursus
626 3870 659 3926 ad
674 3870 858 3927 Antiochenos
877 3871 911 3927 de
925 3872 1002 3943 prin·

202 3962 272 4034 cipis
287 3963 438 4027 iracundia;
454 3977 524 4033 quos
536 3973 626 4017 tamen
636 3962 719 4018 libros
730 3980 783 4020 non
798 3963 892 4019 edidit.
903 3963 1002 4020 Verum

203 4054 351 4125 imperatur
365 4070 496 4126 respuens
509 4070 539 4111 se
549 4055 677 4125 operibus
690 4057 735 4109 vin
744 4055 837 4119 licare,
855 4056 1003 4127 reciprocus

204 4144 309 4215 injuriis
322 4146 388 4200 iram
404 4162 459 4202 suar
474 4146 667 4215 indignationis
680 4147 791 4202 amovit.
807 4145 916 4202 Librum
931 4149 1003 4203 euim

204 4236 335 4291 adversus
349 4235 532 4292 Antiochenos
559 4236 622 4292 lecit
646 4236 762 4307 lepidum
787 4244 816 4292 et
839 4237 905 4292 satis
925 4239 1005 4293 urba·

204 4343 280 4394 nmrr,
295 4343 375 4398 quem
398 4327 587 4384 Antiochicuro
611 4328 769 4383 nominauit.
796 4327 1004 4385 Torumcontra

204 4418 374 4479 Christianos
389 4421 471 4477 molta
493 4421 662 4477 molestiam
678 4421 704 4476 in
720 4436 751 4476 eu
766 4419 876 4476 civitate
896 4421 1005 4477 commi·

204 4511 251 4568 sit.
271 4512 421 4580 Sacram,
443 4511 490 4569 h'h.
511 4528 551 4580 ιιι,
568 4529 626 4585 cup.
651 4510 1003 4569 rectractatione.

205 4620 265 4676 cup.
282 4604 325 4673 l'i,
339 4624 367 4678 p.
384 4604 445 4661 tto.

454 4737 535 4809 297
554 4734 670 4792 CAPUT
689 4734 758 4793 llil.

273 4829 313 4885 De
324 4828 465 4903 simulacro
476 4827 584 4895 Christi,
594 4828 663 4901 photi
677 4828 796 4899 deposuit
805 4827 938 4884 lolianus.

1042 1088 1161 1156 agnovit.
1177 1087 1324 1155 διιοιιιιιι,
1339 1091 1385 1146 lih.
1401 1108 1428 1158 r,
1440 1108 1500 1166 cop.
1515 1093 1561 1152 ΞΟ.
1585 1096 1660 1155 Edit.
1676 1098 1772 1159 Christ.
1791 1102 1844 1159 Vu-

1043 1177 1089 1233 ιιι.
1103 1194 1162 1249 cop.
1175 1177 1221 1248 tt,
1235 1197 1261 1250 p.
1277 1180 1340 1236 629.

1339 1313 1454 1372 CAPUT
1473 1316 1552 1374 xiil.

1045 1400 1085 1457 De
1099 1401 1223 1473 beneficio
1242 1403 1327 1459 herhoe
1340 1423 1397 1475 qum
1409 1409 1563 1463 irascebatur
1578 1410 1657 1480 juata
1679 1414 1847 1471 rinmiurrum

1081 1471 1188 1555 Christi,
1202 1483 1228 1528 et
1245 1474 1279 1528 dc
1299 1478 1507 1550 miraculisque
1529 1497 1575 1549 per
1594 1480 1653 1535 loco
1675 1482 1776 1547 diuerso
1797 1504 1846 1556 pro

1081 1560 1185 1599 oomrrre
1198 1544 1295 1599 Christi
1305 1546 1413 1615 fiebant.

1080 1633 1144 1689 Alibi
1159 1649 1275 1704 namque
1296 1635 1409 1704 ridetur,
1430 1638 1504 1709 quia,
1521 1639 1681 1697 adveniente
1697 1642 1763 1710 Deo,
1786 1646 1847 1701 ool·

1011 1722 1101 1807 Blum
1117 1724 1276 1780 miraculum
1292 1726 1449 1797 nullumque
1476 1729 1636 1786 beoellriom
1657 1734 1746 1802 putari
1768 1735 1849 1792 debet

968 1863 975 1875 ,
1048 1812 1224 1870 incredulum.
1239 1814 1306 1869 Nam
1319 1825 1347 1871 et
1361 1815 1413 1872 alia
1427 1818 1542 1888 plurima
1553 1821 1681 1877 miracula
1692 1838 1741 1893 per
1754 1826 1849 1881 cirita·

1048 1912 1089 1960 tes
1100 1912 1128 1959 et
1142 1906 1215 1962 vicos
1225 1907 1385 1977 plerumque
1406 1910 1477 1979 apud
1492 1912 1592 1968 mullos
1607 1915 1787 1983 provinciales
1800 1934 1849 1972 au·

1048 1996 1160 2066 tiquitns
1174 1997 1273 2053 tradita
1293 2007 1367 2069 suot,
1391 1999 1519 2057 babentia
1542 2004 1698 2073 ueritatem
1720 2008 1792 2079 quod
1806 2026 1851 2065 re·

1048 2096 1129 2158 pente
1139 2090 1306 2145 monstrabo.
1323 2089 1372 2146 Est
1385 2091 1477 2162 itaque
1497 2095 1591 2151 civitas
1610 2097 1759 2154 Palaestra
1774 2101 1850 2157 bico·

1047 2178 1117 2250 polis
1128 2180 1254 2246 uomioe;
1274 2181 1354 2249 banc,
1369 2182 1432 2239 dum
1447 2186 1536 2243 adhoc
1551 2188 1625 2244 ricus
1640 2200 1722 2256 esset,
1750 2190 1849 2250 Eumos

1048 2286 1126 2329 sacer
1150 2266 1357 2341 Euangelidrunr
1382 2274 1449 2329 liber
1467 2276 1596 2348 appellat.
1621 2279 1707 2346 Qtratn
1735 2280 1850 2338 Rotrraui

1048 2371 1111 2432 post
1123 2363 1303 2418 vastationem
1323 2361 1571 2438 Hierosolymorum
1590 2367 1742 2442 ludusque
1765 2374 1852 2429 victo·

1049 2454 1128 2523 riam,
1144 2454 1294 2525 Nicopolim
1309 2472 1341 2512 ex
1355 2466 1455 2513 ercrrtn
1477 2460 1577 2530 quippe
1599 2462 1719 2517 victoriae
1739 2480 1852 2521 uocare·

1049 2557 1121 2602 runt.
1139 2548 1289 2605 Antehaoc
1313 2550 1407 2606 orbem
1431 2552 1457 2606 iu
1484 2552 1563 2609 triuio
1578 2554 1624 2609 ubl
1645 2552 1767 2610 Christos
1790 2572 1851 2613 com

1049 2639 1169 2710 Cleopha
1198 2649 1260 2710 post
1280 2643 1508 2698 resurrectionem
1538 2644 1660 2701 noscitur
1686 2648 1849 2715 ambulasse,

1051 2739 1177 2800 tanqtram
1191 2731 1318 2787 adolium
1331 2733 1419 2789 vicum
1441 2734 1536 2803 ituros,
1559 2737 1620 2792 lons
1639 2737 1746 2808 quidam
1757 2749 1799 2795 est
1809 2757 1851 2797 sa·

1050 2823 1152 2888 lutaris,
1170 2824 1196 2879 in
1211 2838 1266 2893 qno
1276 2824 1416 2893 passiones
1430 2826 1569 2882 hominum
1583 2828 1733 2898 diluuntur,
1748 2841 1775 2885 et
1792 2832 1846 2886 alia

1049 2914 1152 2986 pariter
1165 2915 1291 2970 animalia
1305 2915 1417 2970 diversis
1431 2916 1540 2972 detenta
1563 2918 1736 2989 languoribus
1754 2935 1851 2976 eorun-

1050 3007 1158 3063 dantur.
1182 3006 1260 3075 erod
1280 3016 1309 3061 ut
1332 3007 1369 3061 ita
1393 3008 1542 3077 contingat,
1559 3010 1722 3065 tradituros
1736 3012 1852 3080 quodum
1916 3000 1921 3009 ’

1051 3097 1148 3152 itincre
1160 3098 1318 3169 apparuisse
1332 3097 1466 3153 Christum
1481 3097 1514 3156 ad
1530 3100 1630 3155 lortwm
1645 3116 1706 3154 cum
1717 3100 1854 3171 discipulis

1050 3187 1114 3253 suls,
1131 3198 1159 3245 et
1174 3190 1270 3245 lauisse
1285 3190 1376 3262 pedes,
1391 3206 1426 3245 ex
1440 3206 1494 3261 quun
1509 3207 1578 3263 aqua
1601 3192 1670 3248 lucta
1683 3194 1851 3250 diversarum

1051 3278 1216 3335 medicabilis
1228 3280 1392 3349 passionum.
1408 3280 1504 3337 Fertur
1516 3282 1597 3338 etiam
1611 3283 1683 3353 quod
1698 3284 1723 3337 io
1735 3283 1850 3338 llernro-

1051 3370 1106 3442 poli
1121 3369 1281 3436 Thebaides,
1298 3373 1451 3444 arborque
1467 3382 1579 3429 vocatur
1594 3373 1738 3442 Perseidis,
1753 3381 1854 3432 ntulto·

1051 3476 1111 3516 rom
1125 3460 1268 3528 languores
1280 3461 1426 3530 subegerit,
1441 3463 1463 3518 si
1488 3462 1603 3527 tructus,
1619 3474 1667 3519 aot
1688 3464 1790 3534 lolium,
1806 3474 1854 3521 aaut

1052 3548 1188 3621 perseius
1210 3550 1321 3605 corticis
1347 3549 1418 3606 collo
1441 3554 1630 3619 agrotantium
1659 3554 1797 3624 ligaretur.
1818 3556 1856 3611 lle

1051 3643 1103 3699 hac
1115 3644 1188 3699 enim
1210 3644 1307 3699 arbore
1330 3642 1428 3711 lerunt,
1455 3645 1582 3713 quoniam
1598 3646 1662 3702 dum
1677 3648 1748 3718 apud
1763 3645 1852 3722 AEgg·

1052 3744 1127 3808 ptum
1140 3734 1239 3807 ioseph
1253 3752 1314 3793 cum
1329 3736 1437 3792 Christo
1449 3746 1476 3792 et
1487 3736 1569 3792 llaria
1585 3736 1693 3808 Virgine
1707 3750 1798 3797 sancta
1811 3743 1855 3797 iu-

1052 3827 1135 3897 gisset
1148 3825 1293 3895 llerodem,
1307 3827 1480 3898 venissetque
1500 3828 1533 3882 aul
1552 3826 1737 3900 liermopolim
1760 3833 1855 3889 cirita·

1055 3923 1124 3982 tcm;
1140 3930 1203 3971 mor
1216 3922 1247 3971 ut
1266 3916 1467 3984 ingrediebatur
1487 3918 1592 3987 urbem,
1616 3936 1671 3975 non
1688 3920 1776 3977 [creua
1799 3923 1858 3980 lraee

981 4055 987 4067 ,
1054 4004 1295 4060 arbnrmaximum
1316 4004 1415 4061 Christi
1439 4005 1565 4063 salutaris
1592 4008 1749 4073 aduentum,
1776 4012 1855 4067 incli-

1055 4105 1118 4151 nata
1132 4105 1272 4167 estusque
1286 4095 1320 4151 ad
1336 4106 1446 4165 terrem,
1462 4107 1490 4155 et
1509 4114 1571 4155 eum
1585 4100 1743 4172 suppliciter
1756 4101 1856 4158 adora·

1055 4189 1102 4243 rit.
1118 4187 1182 4244 llaec
1194 4203 1244 4259 ego
1258 4188 1292 4245 de
1307 4189 1358 4245 ista
1369 4191 1467 4247 arbore
1478 4206 1494 4246 a
1506 4191 1597 4247 multis
1609 4192 1722 4249 audieus
1737 4196 1855 4249 narrari.

1056 4276 1129 4333 licor
1139 4286 1229 4333 autem
1250 4279 1302 4334 hoc
1314 4280 1421 4348 signum
1436 4281 1519 4335 luisse
1533 4281 1631 4336 lactum
1646 4282 1749 4338 ciuibus
1762 4284 1859 4339 diuinae

1057 4370 1229 4441 praesentim:
1258 4378 1305 4424 aut
1328 4380 1414 4434 certe,
1438 4372 1500 4441 quia
1513 4372 1566 4426 ritu
1585 4388 1690 4442 pagano
1705 4375 1762 4432 haec
1775 4375 1859 4433 arbor

1021 4495 1044 4553 ὓ
1058 4469 1169 4531 propter
1186 4460 1397 4529 magnitutlloem
1412 4468 1493 4531 atque
1508 4462 1735 4531 pulchritudinem
1749 4468 1860 4524 coleba-

1059 4558 1114 4621 tur,
1128 4560 1202 4607 orota
1215 4560 1266 4618 est,
1284 4566 1337 4607 ooo
1349 4551 1438 4608 serens
1452 4552 1552 4607 Christi
1563 4554 1731 4613 diuinitatem
1742 4575 1750 4626 ;
1763 4559 1858 4617 dumo

1058 4644 1245 4715 nibustpnippe
1258 4642 1536 4709 contremiscentibus,
1553 4660 1613 4701 eum
1628 4646 1752 4704 uiulerent
1768 4664 1858 4704 rernm

1059 4734 1152 4791 talium
1166 4732 1374 4802 destructorem,
1396 4752 1448 4792 uec
1463 4752 1516 4793 oon
1530 4747 1561 4793 et
1568 4738 1694 4795 omnihus
1708 4739 1860 4795 simulacris

1060 4828 1249 4902 AEgyptlorum
1260 4828 1407 4885 secundum
1422 4830 1497 4886 isaim
1517 4831 1699 4902 prophetiam,
1716 4829 1861 4903 togatoque

243 4918 309 4976 lllud
322 4934 443 4991 quoque,
465 4919 539 4989 qrrod
561 4920 612 4975 suh
625 4918 733 4974 iuliano
747 4921 881 4991 prouenit,
897 4935 1009 4977 narrare
1061 4920 1208 4990 damnula,
1223 4938 1273 4993 pro
1297 4922 1451 4979 testimonio
1478 4920 1577 4980 Christi
1601 4923 1727 4980 arborem
1748 4939 1861 4980 rueram

206 5028 262 5068 oon
276 5013 371 5069 silebo.
387 5011 449 5067 Fuit
461 5011 534 5067 enirn
544 5012 650 5081 signum
661 5011 769 5082 anilem
781 5012 887 5068 uirtutis
898 5011 1008 5079 Christi,
1060 5014 1231 5069 remansisse.
1246 5010 1330 5081 lgitur
1343 5012 1415 5084 apud
1440 5010 1583 5086 AEgyptios
1601 5020 1629 5070 ct
1645 5012 1801 5069 Palaestinos
1813 5029 1860 5084 ge·

206 5103 489 5162 etinlieinmcontra
515 5102 664 5174 principem
690 5101 834 5159 iracundiae
858 5103 916 5158 liei.
940 5102 1008 5159 Com
1060 5112 1164 5160 storum
1193 5102 1345 5159 testimonia
1368 5114 1573 5161 conservantur.
1598 5104 1750 5175 Sororium,
1772 5107 1818 5163 tit.
1834 5121 1861 5175 r,

206 5194 279 5251 eninr
290 5194 445 5279 agnovisset
458 5193 486 5248 in
498 5191 622 5250 Caesarea
634 5193 760 5265 Philippi,
775 5194 885 5249 ciuitate
897 5192 1008 5249 Phoeni·
1061 5211 1120 5268 cup.
1133 5193 1180 5249 th.
1197 5191 1270 5250 Edit.
1285 5193 1381 5249 Clrriat.
1403 5193 1490 5249 Volet.
1505 5211 1565 5265 rep.
1578 5193 1624 5259 ᾗ,
1640 5213 1667 5267 p.
1682 5196 1744 5251 dih.

206 5285 266 5352 elur,
280 5299 362 5355 qoam
373 5283 490 5342 Pansam
505 5294 613 5353 uncant,
628 5284 732 5356 insigne
744 5282 842 5341 Christi
853 5299 914 5340 esse
926 5284 1010 5341 simn-
1342 5302 1458 5360 gppgp
1483 5302 1573 5360 ggpp,

207 5378 321 5442 lacrum,
337 5378 409 5450 quod
424 5379 521 5435 mulier
535 5378 580 5434 illa
592 5378 730 5450 sanguinis
750 5377 862 5434 liberata
877 5377 1009 5448 prollurio
1061 5390 1196 5459 Quomodo
1206 5390 1328 5447 turtum
1342 5391 1449 5448 tuma
1463 5394 1604 5449 amasam
1625 5404 1716 5451 cantra
1732 5395 1861 5453 camara.

207 5471 396 5538 constituerat,
410 5483 445 5526 eo
458 5468 593 5540 deposlto,
608 5483 685 5524 suam
707 5468 743 5524 ihi
762 5476 880 5525 ιιιιιιιιιι
893 5467 1009 5524 colloca·
1194 5480 1251 5527 nor,
1266 5462 1338 5518 etde
1363 5445 1463 5535 templd
1472 5462 1726 5538 Hierosolymorum.

207 5562 258 5619 rlt.
271 5560 336 5631 Qum
349 5562 469 5620 violento
489 5560 598 5633 igoede
615 5561 685 5618 coelo
706 5561 832 5629 cadente,
853 5561 926 5617 circa
951 5559 1010 5630 eius
1096 5554 1312 5626 lgitnriulianus
1332 5555 1414 5611 etiam
1436 5553 1545 5614 intimos
1572 5568 1666 5615 contra
1692 5556 1861 5617 Christianos

209 5660 303 5721 pertus
316 5652 399 5709 haba
413 5661 465 5720 cst,
480 5659 509 5710 et
521 5658 604 5723 capnt
617 5664 679 5707 corn
689 5650 795 5708 ccrrico
808 5664 861 5706 noa
875 5658 953 5722 parte
966 5648 1011 5706 de
1062 5646 1186 5703 armarit.
1205 5643 1379 5716 Primumque
1396 5660 1551 5703 convocans
1573 5646 1724 5718 requisivit,
1749 5664 1799 5705 eur
1823 5648 1864 5704 eis

210 5746 309 5812 lectum
320 5752 400 5817 atque
416 5743 442 5801 ia
457 5741 644 5801 terraticum:
662 5741 765 5815 reliqua
779 5754 844 5797 rero
864 5754 927 5812 pars
941 5738 1007 5797 bae·
1062 5738 1234 5812 praecipiente
1254 5737 1314 5809 lege
1326 5735 1490 5808 sacrllleare,
1506 5752 1679 5812 nequaquam
1698 5738 1864 5802 immolatio·
