4059 6184
187 185 254 246 asts
910 188 1112 247 t‘ttttostcott.
1746 190 1814 247 lili

218 303 349 362 mutnus
362 321 380 361 ιι
393 314 420 361 et
434 304 482 360 Pat
499 319 574 360 ruas.
989 307 1013 365 Λ
1063 299 1264 356 llerruiuerieus
1279 308 1305 354 et
1326 300 1470 356 Basiliscus

219 397 385 453 'slteodusius
400 414 464 453 artu
480 407 507 454 et
527 399 648 454 Albinus.
714 437 718 447 .
1063 392 1109 446 llis
1129 405 1214 457 coss,
1237 400 1266 443 nt
1286 391 1395 451 dicitur.
1418 390 1559 448 lliciunrris
1580 390 1675 448 lraude
1695 390 1815 451 Seuerus

220 485 268 541 llis
281 502 353 543 ross.
371 488 451 542 Attila
467 504 513 543 res
530 490 687 543 Hunnorum
702 485 810 542 bledaur
824 485 935 540 iratrern
947 496 975 540 et
1027 483 1120 538 norrun
1132 486 1158 538 iu
1171 485 1270 554 palatio
1284 499 1387 540 ueneno
1399 500 1553 557 pereruptus
1566 495 1618 545 est.

184 584 337 631 consortem
360 579 386 632 in
408 592 562 646 regnasua
586 581 702 645 pruriunt,
727 576 839 648 riustpue
862 579 974 646 populos
1062 572 1117 629 Leo
1130 576 1197 644 dag.
1213 590 1240 629 ιιι
1252 589 1309 630 ros.

184 664 236 720 sibi
251 680 345 735 parere
358 668 503 737 compellit.
1063 666 1174 721 Pusaeus
1188 676 1215 721 et
1226 666 1352 723 loannes.

220 755 496 815 Valentinianusutet
513 759 628 816 Nonius.
1066 759 1114 814 llis
1137 775 1209 815 coss.
1235 760 1397 816 Anthemius
1419 776 1434 814 a
1458 761 1548 818 Leone
1573 764 1637 834 lurp.
1659 765 1691 819 ad
1715 765 1817 822 ltaliam

220 846 312 903 AEtius
327 863 356 903 ut
370 858 397 904 et
414 849 603 920 Syrrrrrtaeltus.
1028 850 1152 919 mittitur,
1168 857 1212 922 otri
1228 853 1309 907 tertio
1323 855 1357 907 ab
1381 854 1452 910 llrbe
1466 854 1593 910 milliario
1608 858 1634 911 in
1657 860 1715 913 loeo
1735 860 1817 912 liron-

220 935 356 1009 Callepius
369 949 396 993 et
410 938 563 995 Ardabures
1030 951 1100 999 totus
1115 944 1233 1013 suscepit
1248 946 1402 1014 irnperiuru.

221 1027 410 1084 Postumianus
422 1041 450 1084 et
462 1030 546 1087 Zetto.
1063 1034 1223 1089 brilltentius
1236 1038 1303 1104 dog.
1318 1050 1337 1089 ιι
1350 1050 1410 1091 eos.

221 1123 301 1175 Astur
313 1133 345 1173 us
356 1131 383 1174 et
398 1119 573 1190 Protogenes·
1065 1128 1121 1182 lloe
1134 1141 1192 1182 cos.
1206 1130 1234 1183 in
1249 1126 1339 1183 Sicilia
1355 1126 1522 1183 Marcellinus
1533 1130 1674 1184 occiditur.

226 1209 428 1266 l'alentiuianus
440 1228 475 1267 ιιι
489 1220 517 1267 et
532 1214 663 1267 Auienus.
1064 1218 1214 1275 llareiauus
1227 1226 1255 1273 et
1268 1217 1351 1276 auro.

223 1302 271 1358 llis
281 1317 351 1359 coss.
368 1304 536 1360 Titeodoius
550 1305 674 1359 moritur.
691 1305 752 1359 l‘ost
768 1318 848 1374 quieto
865 1303 978 1359 starola·
1065 1310 1112 1366 llis
1125 1324 1196 1365 coss.
1206 1310 1382 1378 Ardoburius
1396 1310 1536 1381 imperium
1549 1317 1665 1377 tentans,
1678 1310 1755 1382 jussu
1769 1311 1817 1365 Ap.

189 1393 348 1450 tinsasritus
362 1397 387 1448 iu
410 1394 563 1464 iutperiunt,
590 1397 634 1467 noi
651 1396 772 1466 repararit
795 1409 857 1448 arnt.
880 1396 907 1448 i.
922 1391 977 1449 Sub
1030 1398 1122 1454 anemii
1138 1398 1235 1456 exsilio
1247 1399 1417 1468 deportatur.

186 1500 240 1554 quio
254 1485 280 1539 lii
292 1483 420 1540 cousules
434 1484 550 1541 luerunt.
1064 1487 1183 1543 Seuero
1195 1496 1223 1543 et
1236 1486 1377 1544 iordanes.

458 1613 606 1655 memus
623 1597 704 1655 xpp,
1066 1576 1114 1633 llis
1136 1593 1208 1634 coss.
1232 1578 1369 1633 itomauus
1391 1577 1516 1648 patricius
1531 1578 1660 1634 adunus
1678 1579 1818 1650 irnperinnt

993 1672 1019 1735 Β
1031 1669 1183 1739 capitaliter
1201 1678 1245 1726 est
1258 1673 1376 1740 pruritus.

222 1712 373 1768 Marcianus
386 1714 455 1782 Aug.
467 1722 494 1768 et
506 1711 665 1782 Adelpltius.
1063 1759 1117 1817 [ἑο
1130 1764 1199 1832 Aug·
1214 1776 1240 1816 tt
1254 1769 1283 1817 ep
1293 1760 1453 1817 Probiautts.

221 1804 269 1859 llis
287 1820 358 1859 ross.
376 1804 488 1860 ltornaui
507 1803 584 1860 AEtio
604 1803 673 1859 dttoe
685 1800 780 1858 Gotltis
803 1796 975 1854 auxiliaribus

185 1906 279 1951 eontra
292 1895 404 1951 Attilarn
425 1896 452 1951 iu
466 1899 568 1966 campis
580 1893 758 1949 Catalaunieis
771 1897 974 1962 pugrlareruut:

186 1989 230 2059 uui
247 1988 343 2044 uirtute
357 1987 507 2043 Gotltorurtt
523 1997 666 2056 superatus
679 1984 819 2041 abscessit.

1064 1849 1113 1907 tto
1137 1865 1210 1908 coss.
1235 1848 1469 1921 Constantinopoli
1491 1849 1614 1908 affectata
1640 1850 1819 1924 tyrannides

1031 1944 1122 2002 Leone
1134 1946 1255 2014 principe
1270 1947 1357 2014 Aspar
1369 1944 1511 2018 occiditur.

1064 2035 1159 2093 retus
1172 2044 1200 2091 et
1213 2034 1371 2090 llareiauus.

1064 2125 1111 2181 llis
1126 2139 1198 2184 ross.
1215 2124 1344 2196 patricius
1365 2122 1482 2178 lliciner
1494 2121 1586 2180 Romu
1612 2122 1682 2178 dioto
1704 2124 1818 2193 troporu-

1030 2225 1088 2273 tore
1101 2217 1224 2288 Olybrio,
1245 2215 1418 2273 dntlretniurn
1434 2225 1529 2271 contra
1552 2214 1728 2270 reuerentiam
1746 2217 1819 2285 priu-

1028 2308 1096 2379 oipis
1108 2317 1135 2365 et
1149 2307 1363 2378 insultaturus,
1379 2323 1440 2364 eona
1459 2308 1533 2378 prust
1549 2307 1624 2362 clade
1643 2306 1760 2362 ciuitatis
1775 2323 1816 2360 ei·

1029 2400 1158 2470 stinguit3
1182 2398 1228 2469 qui
1254 2413 1307 2453 uon
1322 2397 1422 2453 diutius
1437 2407 1544 2465 peracto
1560 2397 1661 2452 scelere
1681 2397 1820 2467 gloriatus.

558 2533 616 2583 „m
631 2527 688 2581 suis
700 2522 813 2578 'nomm
825 2521 898 2576 fluxu
912 2536 960 2575 Μ
1029 2504 1090 2562 post
1100 2493 1136 2547 tt)
1148 2493 1207 2548 dies
1220 2492 1362 2548 delunotus
1381 2501 1437 2556 est;
1453 2491 1580 2563 0lpbrius
1593 2499 1684 2548 autetu
1707 2490 1821 2561 septiruu

1032 2581 1136 2651 iutperii
1150 2596 1242 2637 mense
1254 2581 1336 2636 vitant
1349 2584 1462 2651 peregit.
1511 2579 1520 2616 l

1064 2672 1119 2727 Leo
1132 2674 1201 2742 bug.
1216 2688 1231 2725 r
1245 2686 1302 2727 eos.

1066 2761 1121 2817 lloe
1144 2777 1202 2816 ros.
1218 2759 1371 2817 Guudibato
1393 2762 1518 2817 hortante
1538 2763 1670 2817 Glirerirs
1690 2763 1822 2817 troarno·

1030 2853 1146 2921 sumpsit
1159 2853 1317 2923 imperium.
1331 2843 1432 2909 Eodem
1447 2871 1518 2910 ortuo
1536 2853 1590 2911 Leo
1602 2843 1823 2925 ueptotern'suuru

1041 2944 1157 3000 Leonem
1173 2952 1325 2999 consortem
1343 2947 1405 2999 tacit
1417 2944 1533 3015 iruprrli.

1063 3035 1143 3111 305
1158 3036 1212 3093 bro
1224 3034 1317 3109 junior
1331 3035 1399 3109 dog.
1414 3050 1470 3091 cos.

220 2078 386 2135 ltereolanus
397 2088 425 2134 et
437 2082 607 2149 asporatius.

219 2167 266 2223 ttts
286 2183 358 2224 coss.
386 2169 469 2224 Attila
490 2165 678 2237 redintegratis
702 2164 802 2219 virilius
820 2159 970 2231 darrileiatn

185 2272 281 2328 taragna
295 2260 321 2312 ri
335 2256 467 2313 diutiuans
478 2257 609 2321 introlvit,
621 2272 682 2310 curu
694 2271 773 2325 quoa
790 2252 977 2306 l'nleuduiano

186 2347 351 2419 iutperatore
366 2361 433 2418 papa
448 2347 504 2403 Leo
517 2348 635 2402 directus
649 2359 740 2416 paeeru
761 2345 833 2398 lecit.

220 2440 311 2508 opitiu
325 2449 352 2495 et
366 2439 547 2494 l'incontalos.

223 2529 352 2586 tttscoss.
368 2530 449 2585 Attila
466 2533 492 2584 iu
506 2531 553 2584 sed

191 2626 280 2691 gains
294 2639 310 2677 e
325 2624 434 2677 rioribus
449 2629 560 2692 repento
574 2635 606 2674 ae
621 2618 710 2675 subito
723 2624 890 2685 erurnpeute.
931 2647 934 2652 -

220 2710 310 2769 AEtios
322 2723 348 2769 et
363 2711 484 2769 Studlus.

222 2803 354 2860 tarseus.
371 2802 459 2857 AEtius
480 2803 608 2871 patricius
621 2803 648 2857 lu
670 2801 769 2871 palatio
783 2811 863 2851 rnanu
879 2795 977 2850 llalen-

186 2899 278 2954 traiani
300 2900 364 2969 imp.
380 2898 530 2954 exstinctus
546 2908 599 2952 est.
619 2895 727 2951 Belius
751 2908 813 2945 vero
836 2892 978 2960 praetentus

187 3000 262 3060 prat.
297 2989 392 3045 arturis
431 2990 492 3058 ejus
524 2987 761 3043 circunstantibus
799 2985 976 3053 iratereuptus

186 3078 291 3155 [cnsp.
306 3080 408 3137 antuus
421 3079 481 3153 ejus
495 3081 726 3137 circumstantium
741 3077 836 3147 gladiis
848 3076 975 3131 iuteretu·
990 3048 1014 3111 c

188 3169 271 3245 ptusl.

224 3261 425 3319 Valentinianus
437 3278 483 3318 unt
498 3272 525 3320 et
539 3265 710 3320 Anthemius.

224 3357 270 3411 llls
283 3369 354 3411 coss.
370 3356 397 3411 iu
414 3370 509 3424 rampo
527 3355 620 3409 llartio
641 3355 675 3410 ab
692 3354 786 3409 arnieis
798 3351 833 3409 AE
847 3352 864 3406 il
880 3351 977 3405 i'alen·

189 3450 306 3504 tinianus
320 3449 461 3504 occiditur.
482 3446 545 3502 Post
559 3462 638 3516 quiem
655 3444 785 3501 llaalruus
805 3452 903 3498 torosa
928 3441 978 3497 iut-

189 3542 304 3612 periuur‚
317 3539 362 3610 qul
377 3541 445 3594 iutra
457 3538 526 3594 duros
537 3553 642 3594 menses
653 3553 668 3593 a
680 3537 809 3593 militibus
818 3543 978 3599 eastnctus,
1325 3574 1410 3616 mox
1431 3560 1535 3617 mn·

189 3631 217 3687 iu
228 3630 346 3686 Tiberim
360 3629 512 3700 projicitur.
534 3628 636 3684 Eodem
659 3642 731 3683 auno
745 3644 792 3698 per
807 3625 978 3681 Ginseriruru

189 3721 313 3777 amitibus
327 3723 423 3791 opibus
433 3720 490 3776 suis
509 3720 596 3775 Roma
611 3730 721 3774 vacuata
735 3727 788 3775 eet.
811 3718 876 3772 l‘ost
894 3714 978 3771 llari·

190 3829 261 3870 outnu
273 3813 367 3870 Auitus
380 3815 406 3867 in
418 3811 512 3869 Galliis
524 3813 606 3868 sornit
621 3810 775 3882 irnperiout.

224 3905 342 3962 loannes
356 3914 384 3960 et
402 3905 504 3960 iurari.

226 3996 272 4052 llis
284 4011 356 4052 coss.
370 3994 512 4050 l'laeeutiae
526 3994 652 4064 deposuit
667 3995 761 4049 Avitus
775 3995 927 4065 inlperinm.

223 4086 416 4142 Goustntinus
430 4091 459 4140 et
474 4083 570 4139 liuius.

227 4180 274 4238 llis
288 4191 359 4236 coss.
376 4178 511 4235 llareiauo
525 4177 664 4243 defuneto,
680 4177 733 4234 Leo
747 4178 876 4240 Orientis,
892 4177 978 4247 idaja·

191 4274 282 4329 riauus
296 4271 378 4327 ltaliae
388 4269 506 4341 suscepit
516 4269 669 4342 iutperiutn.
681 4270 736 4327 Sub
750 4270 848 4342 quibos
867 4270 894 4324 ld
906 4284 938 4326 ro
953 4285 976 4325 s.

1067 3132 1123 3186 lloe
1137 3147 1193 3186 eos.
1210 3131 1358 3199 inoperatur
1375 3130 1428 3186 Leo
1443 3130 1534 3187 senior
1549 3128 1691 3185 datuurus
1705 3139 1763 3197 est,
1781 3131 1824 3184 uui

1029 3222 1103 3278 Zeno
1116 3222 1249 3277 successit
1261 3221 1288 3275 iu
1301 3222 1424 3292 imperio,
1437 3237 1481 3292 qur
1495 3223 1701 3293 regnavitannis
1713 3226 1756 3277 ti.
1770 3222 1824 3278 sul

1029 3330 1083 3383 nuo
1097 3314 1123 3369 tu
1140 3327 1213 3369 eoas.
1229 3314 1347 3368 lurruut.
1374 3315 1413 3369 lio
1424 3316 1503 3371 etiarn
1518 3330 1589 3371 srrno
1602 3315 1694 3372 llontso
1710 3315 1826 3372 Glieortu

1030 3407 1118 3476 b'epos
1130 3405 1261 3460 suecessit
1275 3404 1301 3459 iu
1315 3420 1335 3460 r·
1344 3420 1408 3476 gno.

1067 3670 1096 3726 P.
1111 3669 1142 3726 C.
1156 3669 1257 3727 boonis
1271 3670 1341 3741 bug.
1351 3670 1477 3741 junioris.

1068 3762 1168 3819 Eodem
1181 3776 1251 3819 anno
1263 3761 1392 3829 Orestes,
1407 3762 1509 3832 Nepote
1523 3762 1550 3818 iu
1566 3763 1709 3820 Dalmatius
1723 3762 1825 3853 iugata·

1030 3855 1087 3908 lilio
1099 3869 1149 3908 suo
1163 3855 1312 3925 Augustulo
1326 3854 1398 3910 dedit
1413 3853 1566 3924 inlperinm.

1067 3944 1209 4000 basiliscus
1224 3959 1243 3999 tt
1257 3954 1284 4000 et
1298 3946 1433 4000 drnratus.

1068 4037 1115 4092 ills
1129 4050 1199 4092 ross.
1215 4036 1250 4092 ab
1264 4036 1385 4093 Odoacre
1399 4038 1509 4093 Orestes
1520 4045 1548 4093 et
1563 4036 1646 4092 irater
1659 4035 1718 4108 ejus
1730 4037 1827 4093 tantus

1032 4126 1155 4183 exstincti
1175 4135 1252 4195 sunt,
1277 4142 1429 4198 nomenque
1442 4132 1513 4201 regls
1527 4127 1648 4183 Odoacar
1661 4132 1826 4198 assuuntur,

1032 4229 1092 4271 eum
1106 4223 1196 4272 uuaeu
1208 4229 1259 4271 uec
1271 4231 1400 4287 purpura,
1417 4231 1467 4272 nee
1481 4216 1615 4287 regalibus
1629 4227 1748 4271 uteretur
1762 4218 1826 4271 iusi·

191 4364 312 4423 “mun“
1032 4305 1141 4452 sadoc.
1166 4393 1287 4451 basilisci
1301 4409 1322 4452 rt
1334 4403 1362 4450 et
1376 4393 1489 4451 Armatl.

996 4417 1024 4479 D
1094 4435 1102 4452 ι
1144 4435 1152 4450 ι

498 4493 549 4533 uso
567 4475 661 4532 ΧΙΛΊ.
864 4553 867 4560 ,
1070 4488 1134 4545 llus
1146 4502 1174 4543 r.
1189 4503 1217 4544 u.
1227 4501 1284 4542 cos.

226 4570 661 4641 beobanetllajorionosttog.
1070 4577 1145 4634 zeno
1159 4579 1226 4647 dog.
1240 4589 1331 4631 uros.

226 4662 272 4718 llis
282 4676 354 4718 eoss.
365 4662 527 4734 llajnriauus
540 4664 566 4718 io
578 4663 699 4719 Africam
709 4662 793 4720 rootit
803 4663 982 4736 procinctum.
1072 4667 1187 4723 besilius
1200 4682 1227 4725 r.
1241 4682 1267 4723 o.
1282 4666 1418 4744 lunares.

228 4755 345 4812 Riolurer
358 4765 387 4811 et
400 4756 541 4813 Patricius.
1072 4758 1204 4814 Placidios
1219 4775 1244 4814 r.
1258 4774 1282 4814 e.
1299 4775 1356 4815 cos.

227 4846 339 4919 llagrrus
352 4856 381 4903 rt
399 4848 569 4918 ttpottoutus.
1072 4851 1129 4907 lloe
1140 4865 1198 4907 eos.
1212 4850 1334 4908 Odoaoer
1345 4852 1372 4907 iu
1383 4851 1512 4908 Dalmatis
1526 4849 1636 4907 odirent
1651 4851 1730 4907 riueit
1746 4865 1773 4907 ot
1784 4865 1830 4921 pe·

229 4939 375 4996 Severinus
394 4949 423 4995 et
438 4939 626 5011 bapulntptrus.
1036 4943 1119 5000 notit.

231 5030 277 5086 llis
290 5044 361 5087 eoss.
374 5030 537 5102 llajorionos
551 5031 716 5087 ituruissione
731 5027 874 5084 llieiureris
885 5027 982 5084 erstiu
1071 5036 1215 5092 spuerinus
1228 5048 1254 5086 r.
1269 5047 1293 5088 u.
1309 5047 1367 5089 cos.

192 5122 292 5191 patitur.
317 5121 364 5176 Cui
395 5136 521 5177 uenerunt
541 5125 650 5178 tratione
678 5121 811 5177 Lamnum
847 5121 982 5174 llarenoas
1073 5126 1189 5182 Faustus
1203 5139 1228 5181 r.
1244 5138 1270 5180 a.
1286 5139 1343 5180 cos.

194 5216 339 5272 suoeedere
353 5214 416 5271 lecit
430 5217 456 5271 in
470 5229 561 5286 regno.
1075 5216 1107 5271 l).
1121 5214 1154 5270 tt.
1171 5215 1352 5270 utreooeriour
1367 5222 1394 5270 et
1407 5213 1564 5271 venantius.

230 5303 366 5377 laudun.
380 5321 397 5361 tt
410 5314 438 5362 et
451 5306 568 5364 &seros
581 5309 650 5380 dur.
1071 5308 1248 5380 Syrnnuaclros
1262 5323 1289 5362 tt.
1304 5321 1329 5362 e.
1344 5321 1400 5362 eus.

231 5399 342 5454 basilius
357 5406 384 5454 et
398 5397 539 5454 llibiouus.
1072 5400 1168 5457 boetus
1180 5409 1208 5455 et
1221 5397 1366 5470 Longinus.

232 5488 355 5544 llosticus
369 5496 397 5544 et
408 5489 544 5561 Olybrius.
1072 5493 1180 5551 Boetitu
1189 5507 1217 5549 r.
1230 5508 1256 5546 o.
1271 5505 1328 5547 eos.

232 5580 358 5637 llisooss.
374 5581 593 5637 reallalaoorutu
608 5582 978 5654 beorgorepudllrrgorutuu
1073 5584 1128 5639 lloe
1147 5597 1205 5639 cos.
1232 5581 1355 5637 tldoaoer
1383 5577 1483 5634 t‘tiaba
1513 5596 1583 5659 rege
1605 5586 1747 5647 pugoruut
1777 5573 1849 5623 illl·
1923 5631 1926 5636 .

197 5675 333 5747 aprunio
349 5676 480 5732 ltirrurure
493 5686 647 5746 pereutptus
657 5687 708 5733 est.
1037 5684 1167 5746 caputoque
1182 5673 1281 5731 uetitus
1296 5678 1350 5727 est.
