4059 6184
146 269 216 325 nm
674 249 1247 327 nmmummmsmms
1712 278 1782 335 rm

142 381 330 446 commissam
343 393 427 450 neone
438 378 508 434 enirn
522 387 630 436 sanctus
643 380 796 451 spostolus,
812 381 876 436 dnm
888 396 935 437 rc·
948 386 975 444 Δ
986 400 1049 442 eum
1069 386 1102 441 ad
1118 400 1148 443 se
1159 386 1240 457 jrnslt
1253 386 1358 453 adduci,
1374 394 1401 443 et
1415 401 1447 443 ex
1465 388 1550 450 ‚lineis
1572 390 1692 448 restibus
1719 409 1784 460 ope-

144 476 227 531 nisset
239 474 369 542 Athenas,
384 482 413 529 et
425 472 560 530 civitatem
576 474 707 543 repletam
729 476 807 531 idolis
823 491 936 545 conspe·
988 475 1046 531 riri.
1061 474 1162 530 Deinde
1180 485 1275 545 putam
1289 478 1351 546 quia
1375 485 1428 532 ιιιιι
1455 479 1614 544 precedenti
1636 479 1784 539 sillictione

143 567 237 632 sisset,
252 581 313 622 aras
328 564 427 622 abillis
445 566 590 623 honoratas
604 566 756 635 destrnrft3
770 569 817 625 sed
833 569 936 625 ratione
987 581 1066 634 guam
1081 566 1140 634 eius
1153 566 1327 622 miseratione
1341 567 1512 623 molliretur:
1529 570 1573 623 Vel
1589 572 1781 642 nunciassit,

152 658 321 723 guarantiam
340 655 489 727 redarguit,
504 663 533 712 et
546 657 667 713 veritatis
686 657 747 729 jura
766 660 935 718 monstrarit.
989 656 1034 711 illa
1058 657 1238 712 obstinatione
1260 658 1389 726 privatus,
1406 672 1471 727 nega
1495 658 1578 714 illium
1595 660 1672 716 labri.
1686 663 1720 717 dt
1737 661 1784 717 ille

143 746 210 813 Quia
228 761 295 803 rero
318 746 487 803 destructum
508 749 636 817 temptum
657 749 822 807 reaedilieare
842 752 935 817 noluit,
989 748 1036 803 ilci
1056 749 1115 803 nelo
1134 748 1294 818 completus,
1318 748 1418 817 dirupit
1429 759 1580 806 restem-et
1601 751 1719 821 jactarit,
1743 752 1786 808 di-

144 836 191 892 sed
209 851 302 893 necem
317 838 402 908 magis
423 838 515 909 elegit,
530 839 609 895 nimis
627 839 757 902 admiror,
770 850 797 897 ct
816 841 938 912 plurimis
989 853 1054 894 cens
1069 836 1116 894 :Si
1132 851 1239 908 propter
1263 838 1315 893 hoc
1336 854 1380 894 me
1403 849 1480 907 putas
1494 853 1509 893 a
1525 840 1622 910 pietate
1644 844 1783 908 recedere,

143 943 205 984 eom
231 927 416 984 honorandum
442 928 552 983 coronis
573 929 709 985 existimo.
731 929 795 986 Tale
811 939 853 985 est
865 933 937 986 enim
990 930 1059 985 babe
1071 930 1170 983 donum
1181 944 1243 983 cum
1257 929 1393 998 impietate
1405 945 1484 999 gnaro
1498 932 1628 1001 presides.
1640 933 1715 989 lianc
1725 935 1785 1003 eius

143 1021 232 1090 ignens
246 1018 371 1084 adorare,
385 1019 465 1091 quale
484 1021 543 1090 cius
556 1020 690 1077 aedissearc
714 1024 853 1093 templum.
870 1024 939 1079 ilinc
990 1017 1173 1075 fortitudinem
1186 1019 1394 1089 contemplatus,
1409 1022 1509 1076 nudum
1525 1037 1586 1077 eum
1602 1039 1617 1076 a
1631 1038 1681 1079 suo
1696 1024 1785 1094 proje-
1811 1064 1814 1068 .

144 1126 208 1182 crgo
218 1126 328 1170 sumens
345 1120 492 1182 tempestas
512 1112 628 1178 initium,
642 1113 792 1169 sevissime
807 1123 886 1184 atque
898 1115 939 1169 ie·
989 1110 1027 1166 eit
1036 1108 1373 1180 imperiolusoonssrus,
1383 1110 1428 1165 tit.
1440 1126 1467 1180 s,
1477 1127 1536 1182 cop.
1545 1113 1590 1168 as.
1602 1111 1672 1167 Edit.
1685 1111 1782 1169 Glisas.
1844 1154 1848 1160 .

142 1202 243 1258 roriter
261 1201 333 1257 cirea
356 1201 463 1271 pietatis
482 1203 605 1262 alumnos
630 1204 765 1270 intumuit,
781 1214 809 1260 et
829 1206 939 1274 triginta

141 1296 241 1364 jugiter
262 1286 340 1358 annis
356 1295 493 1353 fluctuatio
505 1298 565 1352 dira
579 1300 766 1368 permansit,s
783 1303 868 1372 tnagis
894 1316 939 1357 ve·

143 1385 192 1440 loti
213 1385 372 1455 guribusdam
387 1387 515 1458 procellis
528 1392 636 1459 agitata.
658 1390 748 1461 ilagos
760 1393 831 1447 enim
844 1393 939 1461 appele

144 1474 202 1529 laist
216 1475 304 1532 Perse
318 1490 366 1533 eos
378 1478 422 1547 oni
433 1478 565 1535 elementa
580 1480 718 1536 deilieant.
728 1482 845 1548 Quorum
862 1481 938 1538 labu-

144 1566 185 1619 las
196 1566 222 1621 in
233 1565 287 1621 alia
299 1566 501 1637 conscriptione
511 1570 729 1637 monstravimus,
739 1571 766 1626 in
779 1586 830 1640 gua
843 1572 939 1627 borum

148 1656 406 1729 interrogationibus
416 1659 511 1730 dignas
524 1659 673 1718 solutiones
684 1661 839 1720 obtulimus.
852 1664 939 1720 Guro-

994 1200 1082 1256 i'olea.
1096 1215 1154 1272 cop.
1172 1199 1218 1267 ss,
1234 1217 1261 1270 p.
1271 1200 1336 1257 ilb-

1269 1335 1381 1393 CAPUT
1394 1334 1503 1393 xxxii.

1126 1426 1164 1483 lle
1185 1426 1275 1483 Sonus
1297 1426 1367 1499 epod
1379 1427 1480 1484 ‚Persea
1498 1430 1650 1501 consessore.

1026 1536 1133 1595 Sanncn
1147 1536 1206 1610 [nar.
1232 1535 1389 1604 Suntlcod„
1412 1536 1517 1610 Sarnis]
1533 1555 1637 1611 quoquc
1655 1541 1726 1599 mille
1746 1543 1785 1599 ie·

993 1629 1126 1684 mulorum
1139 1627 1278 1683 dominnm
1293 1627 1464 1683 resistentem
1475 1627 1698 1703 sibimet,negare
1710 1632 1787 1689 Grea·

113 1767 122 1784 ,
144 1762 228 1807 mu,
252 1749 355 1820 mque,
381 1749 457 1806 fflius
481 1750 633 1821 Mimdis,
654 1752 753 1824 ,demo
774 1763 834 1824 pm,
860 1756 943 1823 pastis
957 1742 983 1804 B
996 1729 1080 1776 torem
1091 1719 1211 1775 omnium
1224 1733 1277 1773 non
1291 1716 1580 1788 terentem,reguirens
1592 1722 1714 1792 qrrisnam
1728 1737 1788 1778 ser·

145 1850 262 1898 mortem
278 1841 402 1910 imperio,
417 1841 498 1899 ctiam
513 1853 606 1900 eontra
619 1843 799 1901 Christianam
814 1848 941 1915 pietatem

144 1928 216 1985 bella
239 1933 370 2002 suscepit.
383 1933 455 1999 Quas
472 1933 543 1990 enim
567 1942 760 2012 tormentorum
785 1938 891 2007 speeies
912 1946 941 1994 et

143 2021 338 2090 suppliciorum
352 2023 558 2081 adinventiones
573 2026 624 2096 piis
637 2026 766 2094 intulerit,
779 2042 832 2082 nun
846 2037 888 2084 est
901 2029 942 2083 ia·

144 2110 197 2167 cile
207 2126 278 2168 nunc
288 2128 410 2170 narrare.
422 2116 542 2172 Aliorum
554 2131 670 2188 namque
681 2132 777 2173 manns
787 2121 940 2175 excoriare·

145 2201 941 2278 runt,aliorumdorsa,aliornmcaplta,alrnnteiuclroan·
990 2246 996 2258 -

147 2299 187 2347 tes
210 2307 294 2362 usque
316 2293 349 2350 ad
367 2295 490 2351 ceruices
515 2297 585 2352 nuda
602 2305 664 2352 cute
677 2297 852 2366 reliquerunt.
866 2297 942 2353 Alios

146 2382 225 2437 sectis
236 2397 285 2452 per
296 2383 417 2439 medinm
430 2384 541 2439 calamis
554 2384 640 2442 nudos
652 2386 816 2455 operientes,
829 2396 856 2441 et
870 2388 942 2454 ipsas

145 2473 450 2530 sectionescalansorum
457 2475 747 2547 carnibusaptantes,a
758 2477 845 2543 capite
858 2491 942 2547 usqne

146 2565 180 2618 ad
195 2564 277 2636 pedes
292 2565 400 2621 ionibus
415 2566 589 2638 stringentes,
606 2576 699 2638 postca
722 2556 840 2624 calamos
851 2585 884 2624 ex
896 2583 943 2621 eo-

148 2669 206 2711 rum
218 2654 347 2711 menbris
357 2656 488 2712 uiolenter
502 2659 660 2724 trabebant;
673 2666 702 2713 ut
714 2665 800 2714 acutas
810 2659 942 2717 sectiones

147 2745 313 2801 calamorum
323 2746 386 2800 dum
400 2746 687 2819 trahebantur‚eorum
698 2762 795 2805 carues
807 2758 940 2815 secarent,

991 1825 1086 1869 rorum
1098 1810 1156 1881 ejus
1165 1818 1237 1865 esset
1246 1809 1422 1875 senissimus,
1430 1808 1575 1865 cialiorum
1584 1825 1722 1868 serrorum
1732 1821 1789 1868 tra·

992 1903 1062 1962 didit
1078 1900 1260 1965 dominatum
1276 1898 1319 1955 eui
1335 1899 1416 1955 ctiam
1431 1900 1518 1970 ipsum
1530 1917 1637 1975 quoquc
1648 1903 1787 1961 dominum

993 1993 1097 2051 servire
1119 1991 1257 2062 praecepit,
1284 1990 1364 2046 simul
1388 1999 1416 2047 et
1437 1993 1495 2061 ejus
1515 2008 1625 2050 uxorem
1643 2011 1649 2049 z
1668 2011 1715 2065 per
1735 1996 1789 2052 boa

993 2096 1090 2156 putans
1105 2091 1330 2153 propugnatorem
1346 2097 1376 2137 se
1395 2081 1504 2139 llectere
1517 2085 1648 2142 veritatis.
1664 2087 1718 2143 Sed
1740 2102 1789 2156 spe

992 2190 1041 2232 sna
1056 2174 1183 2242 deceptus
1193 2180 1243 2228 est.
1261 2169 1381 2227 ilabebat
1397 2173 1468 2228 enim
1482 2174 1528 2232 ille
1543 2174 1651 2231 domurn
1668 2176 1694 2232 in
1709 2188 1785 2249 petra

994 2274 1187 2322 constructam.
1210 2262 1417 2340 Tseonossrus,
1441 2264 1487 2320 lio.
1511 2289 1538 2335 p,
1560 2282 1616 2339 cup.
1641 2265 1689 2325 38.
1713 2267 1787 2325 Edit.

993 2355 1088 2414 Christ.
1105 2353 1193 2409 Volet.
1204 2370 1263 2426 cap.
1277 2354 1322 2418 59.
1337 2371 1364 2425 p.
1376 2353 1440 2411 24⁷.

1267 2506 1379 2564 esebi
1393 2506 1515 2564 xxxiii.

1031 2620 1069 2675 lle
1084 2619 1221 2696 Renp'untin
1245 2618 1351 2675 Persico
1368 2619 1478 2674 deceno
1496 2621 1602 2691 &mque
1619 2623 1752 2692 martyrio.

1029 2731 1169 2801 Beniamin
1182 2730 1262 2787 etiarn
1279 2730 1420 2786 diaconum
1437 2733 1679 2803 comprehendens,
1692 2735 1790 2791 clausit

147 2838 230 2912 364
248 2848 276 2894 et
296 2847 431 2894 tormento
457 2839 641 2896 amarissimos
666 2841 775 2896 dolores
802 2840 941 2897 inierrent.
994 2826 1021 2879 3¹¹
1037 2840 1183 2880 iiiiiiiffl·
1199 2821 1386 2895 Cnmquednn
1403 2822 1790 2896 “issilsissnlissnbiliiiile·
1855 2863 1864 2878 a
1916 2870 1923 2878 ·

148 2933 251 2991 pepndg
266 2932 397 2987 fodiem
418 2932 503 3000 pm,
518 2942 546 2989 οι
564 2948 612 2989 005
634 2932 753 3003 undique
774 2932 941 3000 ommam,
996 2915 1036 2969 nit
1056 2913 1199 2985 legatarius
1214 2912 1393 2968 Romanorum
1410 2927 1458 2982 pro
1481 2912 1542 2967 aliis
1565 2911 1654 2968 causis
1667 2925 1788 2972 acturus.

147 3025 264 3080 sogpepm
280 3001 412 3092 majoppm
426 3037 521 3094 greges
535 3025 562 3079 p„
577 3024 618 3079 eps
632 3024 774 3090 mpsepung
785 3025 878 3095 01⁸qu
894 3040 942 3094 pa.
994 3005 1029 3060 Et
1041 3004 1104 3060 dtrm
1119 3004 1178 3059 baec
1199 3004 1378 3075 cognovisset,
1393 3002 1539 3073 postulauit
1552 3019 1566 3060 a
1581 3011 1644 3075 'rege
1656 3015 1686 3063 nt
1699 3005 1791 3062 dimit-

148 3115 240 3174 bnium
267 3115 381 3174 athletas
402 3117 534 3175 dederunt
561 3114 665 3199 pietatis
680 3130 688 3170 a
704 3114 817 3185 ligantes
849 3129 944 3170 ruentis
958 3113 980 3176 C
995 3102 1098 3153 ¹0f0¹¹¹i
1120 3094 1259 3150 dimili&
1282 3094 1365 3150 P⁰if⁰
1392 3108 1438 3152 '0¹
1464 3093 1547 3167 jussit
1574 3105 1604 3152 ¹st
1624 3098 1791 3169 Ρΐθῐῦῑῑῑθῐθῑ

147 3221 242 3262 eorrun
257 3216 285 3263 et
295 3209 387 3278 pedes,
402 3223 437 3265 ne
461 3217 570 3278 possent
593 3221 610 3261 a
630 3221 661 3263 sc
677 3207 777 3263 bestias
792 3222 941 3264 resumere.

148 3298 203 3354 Sed
214 3307 242 3353 et
253 3298 304 3354 alia
318 3308 451 3356 tormenta
470 3298 583 3354 seriora
597 3297 676 3352 nimis
690 3307 879 3365 exercuerunt,
896 3299 944 3352 ba·

150 3391 247 3447 beriles
262 3390 402 3447 doctorem
417 3388 538 3448 veritatis
552 3388 702 3443 inimicum.
716 3387 768 3444 Sed
783 3403 837 3443 non
852 3399 945 3458 potue·

151 3492 213 3537 runt
223 3482 386 3538 athletarum
399 3482 541 3538 devincere
548 3478 748 3535 fortitudinem.
757 3478 860 3550 Sponte
870 3494 946 3533 nam·

150 3588 201 3643 quc
213 3561 369 3640 currebant,
381 3582 410 3629 ut
419 3575 561 3630 occasione
573 3572 653 3642 lustjus
673 3573 768 3628 mortis
784 3572 946 3642 incorrupti·

151 3663 212 3718 bilis
227 3664 287 3720 rite
301 3664 371 3720 dona
383 3664 562 3734 perciperent.
575 3663 691 3718 Duorum
703 3670 793 3719 tannen
805 3672 851 3718 aut
863 3664 944 3719 trium

150 3757 332 3822 memorabor,
344 3765 373 3811 ut
384 3771 433 3827 per
443 3758 491 3810 bos
501 3755 664 3824 reliquorum
673 3753 802 3809 lortitudu
812 3763 946 3809 monstrc-

151 3861 205 3904 tnr.
219 3849 424 3916 Tasnnonsrns,
437 3848 482 3902 lib.
494 3862 520 3912 r,
533 3863 592 3918 cop.
603 3844 649 3902 58.
664 3845 734 3900 Edit.
750 3843 845 3901 carin.
856 3844 943 3900 Vries.

996 3186 1136 3256 Benjaiuln
1155 3184 1216 3256 qnia
1240 3184 1303 3240 nulii
1327 3199 1465 3257 magorum
1487 3184 1638 3243 doctrinam
1661 3187 1791 3245 christia·

995 3293 1057 3334 nam
1083 3278 1228 3348 predicare
1251 3282 1435 3348 praesumeret,
1459 3286 1486 3333 et
1510 3277 1789 3339 dimittereturerire.

995 3367 1065 3422 Turn
1081 3366 1224 3437 legatarius
1238 3366 1345 3437 graidem
1357 3368 1492 3443 cutodita
1507 3367 1644 3438 Benjarnin
1660 3385 1720 3440 quum
1739 3386 1789 3428 rea

996 3464 1162 3531 praeceperat
1186 3457 1381 3526 compromisit.
1396 3455 1537 3528 benjamin
1561 3467 1651 3515 autem
1678 3457 1820 3516 audiens

996 3553 1101 3608 ntonita
1129 3555 1250 3625 legatarii
1266 3553 1454 3626 :impossibile
1472 3563 1525 3623 est,
1547 3552 1644 3628 inquit,
1670 3571 1723 3612 nort
1749 3571 1792 3612 nte

996 3645 1156 3715 participare
1178 3646 1267 3703 lumen
1282 3647 1352 3712 aliis,
1367 3646 1437 3717 qnod
1461 3649 1518 3717 ipse
1542 3646 1658 3717 percepi.
1687 3648 1792 3714 Quanto

997 3737 1067 3794 enlm
1091 3739 1222 3810 supplicio
1241 3740 1338 3810 dignus
1358 3740 1393 3794 sit
1416 3739 1463 3810 gui
1487 3738 1616 3794 talentum
1638 3739 1790 3805 abscondit,

996 3839 1074 3883 sacra
1090 3830 1292 3901 Evarrgeiiurum
1307 3836 1419 3887 testatus
1435 3830 1555 3885 historia.
1569 3830 1624 3887 Sed
1637 3845 1684 3887 rer
1696 3831 1790 3886 linrnnr

997 3930 1061 3975 tane
1072 3921 1136 3976 nillil
1147 3936 1304 3992 agnoscens.
1314 3921 1392 3991 jusit
1401 3935 1462 3977 eum
1474 3921 1577 3977 absolvi
1591 3922 1744 3978 avinculis.
1759 3924 1792 3979 st

998 4011 1044 4068 ilie
1058 4012 1207 4084 praedicare
1222 4012 1373 4070 patarenos
1387 4012 1559 4084 quiescebam
1572 4018 1600 4068 et
1620 4012 1730 4082 capiens
1745 4026 1793 4068 ees

997 4104 1045 4171 orii
1069 4101 1229 4171 ignorantie
1242 4102 1355 4175 ealigine
1370 4103 1540 4168 terebantur,
1556 4101 1715 4174 intelligibili
1739 4103 1793 4162 luel

113 4258 118 4268 α
995 4189 1096 4261 jugiter
1107 4191 1247 4249 offerebat.
1259 4194 1379 4263 Cumque
1390 4189 1527 4247 transisset
1540 4205 1637 4258 annus,
1650 4194 1706 4261 regi
1716 4201 1793 4260 gesta

189 4278 345 4335 ilortuisdss
358 4277 465 4346 quidam
479 4276 558 4332 valde
571 4274 668 4331 imbibi
682 4274 752 4345 titud
766 4274 864 4330 Pelias
877 4282 945 4339 etii,
1000 4282 1070 4337 illios
1092 4286 1259 4338 nuntiantur.
1273 4282 1349 4338 'lunc
1364 4282 1507 4338 deductum
1521 4281 1554 4337 ad
1568 4295 1608 4346 te,
1625 4296 1724 4352 negare
1736 4281 1793 4351 jus·

151 4373 196 4441 spui
206 4381 311 4441 patrem
324 4370 479 4441 preelectum
491 4368 631 4426 babuerat.
644 4368 721 4424 liunc
732 4367 795 4423 dnm
806 4382 852 4423 rer
865 4382 948 4438 agun-
999 4373 1035 4430 sit
1044 4389 1122 4444 quem
1136 4375 1264 4429 adorabar
1275 4372 1475 4428 beringerum.
1487 4371 1533 4428 tile
1545 4370 1681 4440 requisivit
1692 4385 1706 4424 a
1718 4383 1793 4441 rege,

152 4464 235 4520 risset
252 4478 314 4522 esse
335 4462 531 4529 Christianum,
546 4459 642 4517 deduci
666 4460 741 4527 lecit,
755 4469 784 4518 et
805 4460 947 4530 imperarit
959 4491 987 4551 D
1000 4464 1094 4520 dicens
1110 4478 1118 4519 a
1133 4463 1192 4531 Quo
1207 4462 1304 4533 dignus
1327 4464 1484 4517 ironoreest
1507 4460 1554 4529 gni
1573 4473 1653 4534 suurn
1677 4459 1794 4516 derelin-

152 4565 180 4610 ut
193 4555 337 4612 salutarem
349 4544 459 4625 hesttei
476 4554 571 4609 Deum·
582 4552 618 4608 Αῑ
631 4551 677 4607 ille
691 4569 698 4607 τ
714 4551 769 4607 Nic
779 4551 892 4621 iillum·
904 4550 947 4606 in·
997 4571 1082 4627 nuens
1094 4571 1219 4628 reguum,
1234 4554 1362 4611 inuadere
1374 4552 1510 4612 studuerit
1521 4551 1658 4608 alienuml
1671 4551 1793 4622 cumputo

151 4648 219 4718 quit,
236 4663 287 4705 nec
300 4647 363 4703 utile
375 4645 510 4718 precipis,
521 4647 679 4718 imperator.
694 4644 761 4701 Nam
776 4645 822 4716 qni
835 4645 947 4701 docetur
998 4647 1480 4718 dixissetresailortenorisdmngne
1491 4645 1638 4716 supplicio,
1649 4645 1793 4717 repentis-

153 4749 183 4795 ut
196 4740 280 4796 [ιιιιιι
292 4741 415 4797 omilium
431 4740 509 4796 lacile
522 4746 677 4795 contemnat
690 4752 723 4795 ac
734 4737 860 4809 deneget,
874 4736 949 4792 iacil-
997 4742 1082 4797 simus
1096 4741 1139 4797 rir
1153 4741 1200 4796 ille
1213 4740 1354 4811 respondit
1369 4757 1377 4797 ι
1391 4739 1460 4809 outo
1474 4754 1540 4812 ergo
1560 4753 1613 4795 nou
1624 4739 1697 4809 juste
1709 4739 1794 4809 patia-

151 4831 216 4888 lime
231 4847 337 4902 uuogue
356 4833 461 4902 spernit
475 4830 677 4902 imperatorem,
691 4844 752 4886 eum
775 4838 804 4885 et
828 4830 887 4899 ipse
913 4831 950 4884 sit
1000 4845 1043 4890 tur
1055 4834 1192 4906 bomooni
1205 4833 1333 4890 lectorem
1344 4832 1490 4903 mnndigne
1500 4841 1663 4896 creatorem,
1676 4831 1794 4885 nubitu-

151 4924 286 4994 particeps
301 4935 403 4981 naturas
418 4923 550 4979 morulis.
565 4923 599 4979 Et
612 4923 634 4978 si
648 4936 755 4978 sommo
767 4921 898 4991 supplicio
909 4920 949 4976 di·
1000 4937 1057 4981 rem
1084 4937 1117 4980 ac
1143 4923 1306 4983 salvatorem
1331 4921 1471 4989 deserens,
1498 4936 1581 4978 nuum
1602 4934 1793 4976 couurrornm

151 5016 220 5084 gnus
234 5024 276 5071 est
299 5015 344 5087 qni
367 5024 412 5070 tus
436 5023 543 5086 sceptra
558 5013 762 5084 cunoempserit,
785 5013 951 5082 imperator,
1000 5028 1110 5070 suornm
1121 5013 1248 5069 deiurare
1263 5011 1385 5073 uoluerit
1401 5021 1429 5069 et
1446 5010 1566 5067 debitum
1582 5009 1619 5064 illi
1633 5008 1734 5066 saltum
1749 5007 1794 5068 isti

152 5106 345 5177 multiplicibus
358 5108 498 5163 tormentis
509 5107 666 5165 subdendus
677 5107 776 5178 estqui
790 5115 949 5162 structorum
1001 5110 1087 5180 magis
1099 5108 1246 5164 οΙιιιιΙοιίιι
1271 5106 1317 5172 iiis
1337 5103 1507 5164 sermonibus
1529 5117 1577 5162 rex
1593 5116 1734 5166 aecensus,
1754 5102 1793 5157 ri·

150 3940 382 4011 mmmm.

433 4072 547 4130 CAPUT
563 4071 659 4129 xxxi.

189 4167 226 4223 De
242 4167 380 4221 ilormisdn
394 4165 464 4235 apud
476 4163 568 4219 Persas
581 4162 740 4219 nobilissima
752 4164 907 4233 consessore.

152 5200 458 5272 negarffltCreatorem.
471 5200 507 5256 tlt
520 5201 667 5271 imperator
679 5216 740 5256 curn
753 5200 890 5256 debuisset
905 5200 953 5255 nri·
1001 5200 1067 5272 giuti
1086 5200 1203 5256 calamos
1226 5197 1295 5266 acui,
1315 5207 1343 5254 et
1365 5196 1476 5252 totidem
1497 5192 1628 5266 ungu'bus
1647 5192 1792 5265 digitorum

151 5291 206 5347 rari
220 5292 398 5362 prudentiam,
416 5291 591 5349 lortissirsum
605 5292 707 5348 dnttits
717 5300 745 5347 et
758 5272 888 5362 dignitate
902 5308 952 5346 nn·
1002 5294 1061 5362 eins
1075 5306 1202 5348 manuum
1225 5301 1307 5361 atone
1320 5289 1418 5359 pedum
1434 5304 1498 5358 pret
1505 5285 1562 5358 epit
1576 5287 1660 5357 inllgi.
1671 5286 1793 5356 Cumque

152 5383 226 5440 davit
238 5384 378 5453 athletam,
390 5386 524 5457 iussilrprc
540 5396 568 5441 nt
582 5385 670 5441 nudus
686 5387 807 5443 traheret
829 5387 948 5441 cameles
1004 5386 1055 5439 linc
1079 5383 1240 5453 supplicium
1263 5381 1298 5437 ab
1323 5395 1356 5436 eo
1376 5379 1492 5435 derideri
1508 5378 1687 5449 conspiceret,
1709 5377 1792 5438 silum

152 5477 297 5532 exercitus.
318 5478 438 5547 Cumque
458 5478 565 5546 plurimi
593 5478 754 5532 transissent
777 5478 847 5539 dies,
863 5478 950 5548 respi·
1001 5491 1095 5531 rursus
1105 5475 1235 5530 calamum
1246 5472 1388 5526 aeutnmin
1400 5472 1459 5539 eJus
1469 5469 1582 5538 lemnrc,
1594 5468 1665 5524 tunde
1676 5467 1793 5522 intimans

153 5570 227 5628 ciens
242 5571 276 5627 dc
286 5572 472 5643 superioribus
483 5575 640 5642 imperator,
653 5574 721 5628 vidit
734 5573 811 5629 illum
824 5572 949 5628 emioru-
1000 5567 1077 5636 origo
1095 5563 1246 5630 deseendit,
1260 5561 1339 5634 jussit
1360 5562 1477 5619 immitti.
1493 5561 1614 5629 cnmpm
1628 5556 1724 5615 erebro
1744 5557 1794 5626 ep'l·

152 5660 285 5717 tissimum
296 5665 394 5732 sirum,
406 5664 473 5719 selis
483 5664 564 5719 radiis
575 5663 780 5727 inflammatum,
793 5674 819 5718 et
831 5661 948 5732 pulveris
999 5669 1114 5726 ceretnr,
1129 5667 1157 5713 et
1171 5671 1264 5713 rursus
1279 5655 1464 5721 induceretur,
1480 5651 1629 5709 ineffabiles
1642 5651 1667 5705 ei
1685 5651 1794 5705 doleres

152 5754 276 5826 squalere
295 5757 474 5827 completum
494 5757 640 5829 patriaque
661 5755 810 5813 nobilitans
827 5769 944 5823 rrrernor,
1000 5751 1188 5823 operabantur.
1205 5747 1269 5806 l‘ost
1280 5749 1332 5806 lioc
1345 5759 1410 5806 tero
1423 5746 1584 5819 supplicium
1601 5743 1792 5816 ittrpirsatguo

1133 5925 1149 5974 l
