4059 6184
137 204 175 261 53
726 201 903 262 rrtsrotm
922 205 966 262 er
985 207 1156 269 occurre.
1680 226 1689 239 “
1741 214 1776 269 ⁵⁴

134 315 316 373 maternitatis
329 318 529 377 ordinationem
552 316 586 374 ad
611 332 662 374 nos
677 318 769 374 uenire
783 317 892 374 fesbrmt
906 322 930 383 ⁶,
946 324 970 381 Δ
986 330 1163 394 posteaquam
1176 324 1263 381 edicta
1277 340 1324 381 sua
1347 324 1484 396 piissimus
1498 325 1624 399 princeps
1636 329 1714 398 jussit
1729 345 1775 400 ap.

133 414 271 475 portatus
285 406 375 467 lueida
388 408 576 466 admonitione
589 416 746 478 eognoscat,
769 409 859 464 omnia
874 424 934 479 qim
984 409 1065 480 pendi
1077 410 1200 467 omnibus
1214 411 1348 484 episcopis
1358 412 1524 469 diversarum
1544 416 1670 487 partium,
1685 415 1734 473 sod
1748 425 1777 472 et

132 497 312 559 decessorum
322 511 480 557 noseorum
494 509 522 558 et
531 500 712 557 antefatarum
722 510 839 569 quatuor
851 516 932 574 syno-
984 498 1149 569 presbyteris
1170 506 1252 569 atque
1275 501 1443 569 diaconibus,
1467 496 1517 559 nce
1538 519 1591 558 nnn
1615 511 1643 561 et
1672 508 1775 562 clericis

133 588 234 647 dorum
256 599 323 647 sunt
345 591 382 648 de
400 608 453 648 una
467 592 617 661 eademque
631 590 683 646 lide
704 598 764 646 acta
779 593 933 663 scriptaque
984 586 1291 659 Constantinopolitanae
1302 589 1431 647 Ecclesia
1441 592 1475 647 ad
1490 608 1539 648 nos
1553 594 1733 657 venientibus,
1748 595 1775 647 in

133 683 315 752 temporibus,
330 699 346 737 a
361 684 441 739 nobis
454 682 647 739 inuiolabiliter
658 681 930 750 tuisseserranmm
985 676 1136 734 Placidiana
1156 679 1254 736 Ι(ιιιιι
1269 683 1292 747 l,
1308 690 1451 752 antequam
1472 683 1505 738 ad
1518 682 1609 740 Sancti
1624 683 1697 742 Petri
1711 701 1779 742 con-

131 770 242 826 ratione
256 779 396 842 percepta,
411 772 528 837 soblem,
539 771 732 841 sicutoportet,
749 771 783 827 de
796 770 930 827 Christia—
985 769 1139 841 fugeremus
1150 772 1288 828 basilicam
1302 773 1331 839 ¹¹,
1348 773 1416 829 facie
1430 773 1464 828 ad
1479 772 1573 833 faciem
1589 776 1624 829 ita
1638 775 1719 833 locuti
1733 792 1778 831 su-

130 861 254 918 nissirnis
267 862 367 921 aninris
379 862 517 929 scandalo,
528 877 583 932 por
595 862 651 918 lieo
665 861 764 932 placita
778 863 871 933 ineius
885 862 933 921 Ec·
986 875 1046 915 mus
1061 877 1068 913 :
1084 860 1188 931 liogate
1212 861 1361 930 piissimum
1384 864 1544 935 principem,
1569 873 1599 921 ut
1623 867 1711 923 edicta
1727 883 1775 923 sua

131 952 217 1007 ciceia
241 953 345 1009 illibata
365 953 505 1025 perduret.
530 951 589 1009 Hoc
602 966 711 1025 quoque
734 951 932 1011 fraternitatem
985 965 1046 1020 ιιι
1059 953 1187 1024 praecepit
1208 953 1337 1023 appendi,
1355 970 1497 1012 removere
1515 956 1658 1027 dignetur,
1673 966 1700 1014 ct
1714 975 1777 1016 eou-

131 1050 208 1097 ιω
221 1042 581 1110 ammunitionem
595 1058 631 1099 ne
654 1043 767 1101 ulgerius
787 1045 931 1115 praedjem.
985 1039 1109 1094 stitutum
1136 1055 1279 1101 commune
1306 1041 1404 1098 debeat
1430 1052 1609 1115 exspectare3
1633 1046 1661 1104 id
1686 1055 1778 1105 estut

131 1149 192 1193 rum
213 1132 322 1193 Rustici
345 1142 374 1190 et
397 1134 561 1202 Sebastiani,
575 1141 623 1189 aut
646 1133 755 1190 illorum
779 1136 825 1204 qui
841 1151 933 1206 pronae
986 1129 1161 1187 scandalizati
1171 1131 1290 1203 episcopi
1303 1131 1407 1188 Lolinae
1420 1133 1527 1203 lingue,
1540 1145 1586 1191 aut
1596 1135 1630 1190 ad
1643 1137 1777 1210 synodum

133 1240 231 1281 ιιι-ιιι
263 1227 483 1297 presumptionis
510 1225 662 1297 probantur
686 1237 747 1280 esso
776 1222 932 1296 participes,
984 1220 1114 1287 veniant,
1138 1228 1185 1277 aut
1208 1230 1299 1286 certe,
1324 1232 1427 1279 remota
1451 1225 1525 1279 omni
1548 1225 1692 1295 uiolentia,
1715 1243 1779 1283 suas

133 1315 382 1389 scriptasuseipiat
397 1333 406 1382 ;
421 1315 470 1372 sed
485 1324 514 1371 et
536 1315 680 1371 universos
704 1312 739 1367 ad
762 1319 836 1367 tuam
849 1311 933 1381 perti·
984 1308 1086 1379 scripto
1110 1308 1248 1365 declarent
1272 1311 1430 1367 sententias.
1446 1310 1523 1379 Quod
1546 1314 1569 1378 si
1590 1314 1660 1372 forte
1681 1332 1776 1387 preces

133 1414 231 1461 nentes
244 1405 447 1461 ordinationem
461 1418 649 1469 commoneas,
662 1416 697 1459 ne
718 1402 758 1457 rel
773 1400 823 1471 ipsi
834 1416 849 1455 a
862 1416 932 1471 prm-
983 1407 1088 1453 vestras
1103 1400 1196 1455 audire
1211 1401 1337 1468 noluerit,
1353 1417 1402 1458 ros
1426 1402 1492 1467 rrulli
1513 1405 1552 1461 ιιι
1566 1405 1707 1475 prebeatis
1731 1422 1777 1463 as·

133 1495 348 1565 dietisrclcgant
359 1494 462 1566 aliquid
473 1493 647 1561 destinatum,
662 1493 704 1548 vel
715 1491 824 1547 falsitati
838 1506 932 1547 eormn
983 1508 1103 1562 sensum,
1118 1508 1178 1563 quse
1204 1495 1239 1549 ad
1266 1494 1423 1551 divisionem
1451 1496 1538 1550 tendit
1562 1494 1699 1564 Ecclesia,
1724 1514 1774 1555 uec

132 1587 249 1641 salterium
260 1585 383 1641 animum
393 1600 449 1642 suae
458 1581 848 1643 credulitatisaccommodeut.
861 1580 932 1636 oeus
985 1595 1082 1643 eontra
1102 1586 1277 1642 constitutum
1301 1587 1511 1644 comminatione
1537 1589 1626 1658 aliqua
1653 1590 1777 1646 veniatis.

132 1684 158 1731 te
171 1675 342 1731 ineolumem
352 1675 498 1740 custodiat,
512 1674 596 1729 frater
613 1672 782 1731 charissime.
804 1672 901 1726 batum
917 1671 931 1708 b
949 1674 1054 1751 pQuia
1073 1676 1096 1732 si
1110 1676 1162 1733 boc
1186 1675 1308 1742 forsitan,
1325 1676 1398 1747 quod
1421 1692 1476 1733 non
1490 1678 1634 1745 crediturus,
1649 1678 1779 1744 feceritis,

130 1777 163 1818 ar
176 1764 311 1821 calendas
325 1763 435 1835 Aprilis,
451 1764 556 1836 imperii
577 1763 681 1822 domini
703 1762 846 1818 iustiniani
868 1777 931 1833 pcr-
986 1765 1117 1822 noveritis
1140 1781 1189 1821 vos
1203 1781 1237 1821 er
1261 1767 1386 1837 praesenti
1406 1766 1460 1833 die,
1476 1775 1504 1821 ut
1519 1769 1779 1837 praevaricatoresa

128 1853 208 1926 perui
231 1855 345 1925 Augusti
360 1870 430 1912 anno
444 1853 482 1908 25
496 1862 557 1925 post
580 1853 750 1911 consulatum
770 1851 861 1909 Basilii
882 1852 931 1908 viri
985 1858 1059 1913 beati
1072 1858 1188 1929 apostoli
1203 1858 1276 1914 Petri
1291 1858 1356 1914 sede
1366 1874 1415 1929 pcr
1430 1860 1607 1923 ministerium
1623 1861 1696 1916 iocis
1711 1876 1779 1918 ntem

130 1947 277 2005 clarissimi
290 1963 364 2003 anno
378 1947 405 2016 9,
419 1963 468 2016 por
480 1945 613 2003 loannem
624 1946 848 2018 presbyterumet
862 1961 930 2016 apo·
985 1950 1176 2005 communione
1192 1946 1201 1986 ¹
1217 1964 1371 2021 suspensos.

128 2039 297 2107 αἰιιιιιιιιι,
309 2048 338 2095 ιι
357 2040 416 2111 ipse
428 2038 529 2097 anem
541 2053 602 2097 eam
615 2053 666 2110 per
685 2036 853 2095 ilaxeutium
879 2038 931 2096 bo·
1022 2037 1191 2109 Elquoniam
1211 2039 1330 2095 bisactis
1342 2056 1396 2095 non
1414 2040 1499 2095 solum
1511 2056 1543 2096 ea
1562 2058 1622 2112 quac
1636 2042 1779 2097 commissa

128 2131 337 2189 menum.
985 2126 1091 2184 fucrant
1101 2129 1175 2184 nullo
1188 2129 1269 2185 modo
1279 2139 1342 2184 sunt
1353 2140 1475 2185 correcta
1490 2172 1497 2196 ,
1518 2130 1660 2187 sedetiam
1675 2147 1708 2186 ex
1720 2132 1780 2186 aliis

223 2242 418 2303 ,mmm
441 2245 517 2317 «σι’,
529 2243 588 2315 χι)
603 2241 720 2301 pffipffl
738 2240 841 2299 ιω
984 2221 1072 2277 causis
1081 2220 1125 2276 die
1134 2221 1202 2291 ipso,
1215 2221 1240 2276 in
1251 2221 1433 2292 praeiudicium
1449 2222 1600 2290 regularum
1616 2223 1779 2279 ecclesiasti-

431 2354 624 2412 ENCYGOEA
985 2326 1087 2377 carum,
1103 2311 1146 2367 vel
1164 2311 1289 2381 iniuriam
1312 2311 1385 2368 sedis
1406 2313 1572 2382 apostolica,
1600 2313 1693 2385 pejora
1709 2331 1778 2385 prac-

350 2462 384 2502 m
395 2460 543 2501 mmm
559 2396 704 2500 κείω.
985 2411 1091 2473 sumpta
1111 2412 1183 2468 sunt,
1199 2418 1250 2458 nee
1266 2403 1377 2459 ulterius
1401 2418 1450 2459 eos
1462 2405 1663 2459 communionis
1681 2413 1780 2461 nostre

129 2538 153 2594 Ε
234 2541 252 2592 ,ι
544 2536 550 2549 .
563 2534 626 2590 ads
646 2543 733 2590 mm
746 2533 787 2588 Eu
806 2534 920 2588 mium
985 2492 1156 2564 permisimus
1183 2506 1244 2545 esse
1266 2491 1424 2561 participes,
1451 2506 1502 2546 nec
1525 2500 1653 2563 aspectus
1672 2507 1780 2559 eorurn,

152 2552 504 2681 mwzxm
510 2552 614 2677 Ἔρως,
628 2552 933 2676 ἳ,,,,,ιωι,μ,ὴ,ιφξ
986 2589 1049 2652 post
1065 2589 1106 2636 tot
1115 2581 1359 2651 prevaricationes,
1371 2581 1458 2638 nostri
1471 2581 1543 2636 oculi
1556 2592 1725 2652 receperunt.
1743 2582 1779 2638 Ea

165 2680 232 2750 fidei
243 2694 299 2735 aaa
311 2678 501 2751 confasionem
514 2676 655 2754 interierit.
986 2672 1058 2727 enim
1083 2687 1143 2741 qum
1164 2671 1245 2727 verbo
1272 2671 1307 2726 de
1327 2678 1477 2727 memorata
1500 2673 1781 2729 excommunicatione

168 2769 286 2841 vigilius
298 2769 444 2841 episcopus
455 2766 584 2827 nectem
596 2765 738 2824 carnalem
749 2766 874 2823 universo
884 2781 933 2837 po-
985 2764 1091 2820 cunctis
1102 2764 1248 2839 episcopis,
1259 2762 1436 2836 presbyteris,
1447 2772 1475 2819 et
1485 2764 1654 2832 diaconibus,
1667 2766 1781 2836 aliisquo

131 2862 202 2935 polo
215 2862 275 2917 tter.
985 2856 1091 2913 clericis
1111 2855 1417 2927 Constantinopolitanae
1438 2855 1566 2912 Ecclesiae
1580 2873 1647 2913 voce
1671 2859 1777 2928 publica

169 2953 240 3009 ιιιιιι
255 2952 283 3007 io
297 2950 406 3007 Sanctae
418 2948 576 3021 Eupbemiae
589 2950 703 3007 basilica
717 2951 795 3021 graui
808 2950 933 3007 laboran-
986 2947 1155 3017 dixeramus,
1175 2957 1270 3019 postea
1289 2949 1372 3005 ctiam
1396 2948 1440 3005 die
1465 2958 1484 2985 ἰ
1499 2964 1545 3005 xrs
1567 2950 1739 3006 calendarum
1764 2959 1778 2987 ι

134 3053 179 3101 tes
191 3042 352 3114 egritudine
364 3041 557 3107 detineremur,
573 3041 709 3112 piissimus
719 3049 801 3113 atque
812 3041 932 3098 clemen·
947 3075 970 3133 s
986 3036 1183 3107 Septembrium
1199 3053 1285 3107 nuper
1295 3037 1492 3108 praeteritarum
1505 3080 1513 3107 ,
1528 3039 1554 3093 iu
1566 3039 1638 3095 beati
1650 3040 1722 3096 Petri
1734 3042 1781 3095 ba·

135 3133 258 3190 tissimum
269 3134 420 3206 imperator
441 3132 578 3189 dominico
592 3133 636 3189 die
651 3130 676 3199 ι,
698 3132 726 3188 id
751 3140 795 3188 est
815 3133 935 3189 mleudis
960 3116 1060 3182 ‘silica
1085 3126 1112 3180 in
1125 3127 1247 3183 Onnisda
1266 3127 1368 3198 scripto
1393 3125 1556 3199 firmavimus
1571 3147 1577 3182 ε
1592 3130 1618 3184 ιι
1631 3145 1685 3200 quo
1698 3131 1779 3186 ctiam

135 3226 276 3282 februarii
292 3234 316 3291 e,
329 3225 465 3297 gloriosos
476 3222 582 3293 ludices
595 3239 660 3279 eries
673 3223 708 3277 ad
730 3237 781 3281 nes
798 3222 935 3281 destinare
986 3214 1074 3282 illum,
1084 3216 1129 3287 qni
1139 3216 1189 3273 sub
1200 3217 1291 3277 babitu
1301 3216 1447 3289 episcopali
1461 3218 1516 3289 lupi
1529 3219 1633 3290 rapacis
1642 3220 1779 3276 dominico

135 3314 262 3387 mutim
272 3322 325 3380 est,
342 3312 369 3368 id
384 3322 426 3371 est
440 3312 599 3371 Belisarium
626 3320 656 3369 et
672 3312 820 3383 Cethegum
834 3330 936 3371 excep.
986 3308 1060 3376 gregi
1079 3323 1186 3380 semper
1201 3308 1286 3371 tendit
1300 3308 1419 3375 insidias,
1441 3318 1468 3365 ct
1480 3326 1621 3367 assumens
1636 3310 1717 3366 totius
1731 3313 1781 3367 du-

136 3406 208 3463 cales
217 3415 304 3476 eaque
313 3406 451 3478 patrimae,
465 3420 516 3461 nee
527 3421 582 3465 nen
593 3420 621 3460 er
634 3404 745 3469 Petrum
760 3407 934 3483 expensuiem
986 3406 1076 3453 catum
1090 3398 1220 3464 scandali,
1236 3400 1415 3457 universalem
1427 3402 1473 3456 liei
1489 3404 1656 3472 perturbavit
1670 3419 1703 3460 ac
1717 3419 1780 3475 per·

137 3494 282 3565 patricium
296 3502 377 3563 atque
391 3493 562 3562 magistrum,
580 3493 629 3550 sed
643 3502 672 3550 et
685 3492 819 3550 lustinum
832 3509 935 3553 exenn-
989 3486 1079 3543 turbat
1092 3486 1249 3557 Ecclesiam,
1264 3490 1298 3544 dc
1310 3490 1481 3561 episcopatus
1502 3494 1596 3553 ordine
1610 3493 1779 3566 deponentes

137 3585 223 3641 „pem
237 3592 267 3640 eg
280 3583 442 3653 mmmmm
459 3583 468 3623 t
484 3593 513 3640 ,ι
526 3583 738 3643 pampinum
757 3592 931 3657 quarm,
986 3573 1183 3640 damnavimus,
1198 3575 1265 3630 alios
1275 3592 1350 3637 vcro.
1359 3577 1404 3646 qui
1418 3579 1542 3650 superius
1553 3585 1694 3639 memorati
1705 3596 1780 3653 sunt,

137 3674 182 3745 eui
192 3673 274 3729 nobis
288 3673 423 3741 dicerent,
443 3681 473 3728 ut
485 3681 655 3730 sacramenta
670 3675 810 3745 percipere
820 3674 934 3732 debere·
987 3668 1206 3725 acornmuntone
1221 3668 1418 3743 suspendimus.
1434 3669 1487 3729 Sed
1515 3672 1550 3727 ob
1578 3674 1630 3729 boc
1649 3674 1780 3731 hactenns

138 3780 205 3831 mos,
214 3771 243 3821 et
253 3763 405 3825 deSanctm
414 3762 568 3833 Euphemim
579 3766 694 3821 ecelesia
703 3764 737 3820 ad
745 3765 882 3829 civitatem
891 3782 934 3825 re·
987 3759 1111 3830 paginam
1127 3760 1209 3830 ipsios
1223 3759 1402 3817 damnationis
1413 3760 1536 3832 proferre
1551 3764 1695 3831 noluimus,
1708 3782 1778 3837 quo·

138 3855 353 3923 giamretneare.
378 3852 481 3923 Quibus
507 3853 560 3913 tale
580 3854 703 3911 dedimus
723 3854 935 3926 lleoadjurauto
987 3848 1059 3904 triam
1072 3856 1101 3905 et
1111 3850 1349 3906 clementissimum
1363 3854 1511 3925 principem
1528 3872 1576 3926 pro
1593 3856 1686 3914 taliae
1703 3867 1779 3914 tanto

138 3944 466 4015 responsumdioeutes:
483 3943 537 4000 Nos
550 3944 659 4016 quidem
672 3944 698 3998 in
713 3945 782 4000 bane
794 3944 931 4003 basilicam
987 3939 1116 3995 scandalo
1136 3954 1168 3995 ea
1193 3955 1254 4011 quae
1271 3940 1343 3997 facta
1366 3951 1439 4013 suut,
1460 3945 1544 4001 diuini
1563 3947 1780 4004 consideratione

138 4034 273 4105 pronnlla
293 4033 450 4105 pecuniaria
470 4033 513 4089 vel
528 4033 633 4104 privata
652 4048 733 4090 eausa
748 4022 932 4107 cartaginem
984 4030 1080 4101 judicii
1105 4047 1235 4090 revocare
1255 4034 1425 4106 confidimus,
1445 4046 1473 4094 et
1496 4040 1631 4110 predictis
1655 4044 1780 4100 omnibus

138 4127 184 4185 sed
197 4141 249 4199 pro
261 4115 393 4183 Ecclesia
407 4132 510 4183 tautum
527 4125 666 4191 seandalo,
682 4124 821 4197 quodiam
836 4125 864 4182 in
876 4134 935 4189 toto
986 4122 1131 4192 oportebat
1144 4140 1195 4189 uos
1207 4125 1324 4196 spatium
1349 4127 1514 4201 paenitentia·
1537 4142 1692 4201 reservam
1718 4133 1779 4188 imi·

138 4215 238 4272 „meo
251 4230 303 4287 pm
314 4215 436 4284 peccam
448 4215 575 4271 innotuit.
592 4214 627 4270 Ει
649 4215 721 4280 ideo,
746 4215 769 4271 si
782 4231 863 4272 eausa
878 4215 933 4273 Ee.
987 4218 1075 4266 tontes
1089 4211 1197 4269 beatum
1222 4212 1341 4284 Petrum,
1369 4215 1445 4291 cujus
1467 4219 1559 4285 sedem
1580 4229 1712 4292 tenemus,
1728 4224 1780 4281 etsi

137 4307 226 4363 etesia
240 4305 395 4373 ordinatur,
418 4314 448 4363 ut
460 4322 555 4378 pacem
567 4308 637 4379 eins,
652 4322 733 4377 qnam
747 4307 872 4363 avunculi
892 4308 933 4375 spi
986 4302 1122 4358 immeriti.

138 4397 419 4469 pissmimmpnucem
437 4396 501 4455 fecit
516 4397 695 4473 tenuioribus,
711 4397 835 4455 etmodo
850 4399 930 4454 resti·
1020 4391 1148 4449 Chartam
1175 4410 1240 4449 vero
1261 4395 1348 4466 ipsam
1374 4399 1662 4456 excommunicationis
1695 4409 1779 4472 atquo

138 4496 203 4553 tuat,
226 4500 281 4556 ego
294 4486 473 4543 sacramentis
494 4490 563 4557 opus
579 4503 633 4543 uon
655 4487 753 4551 babeo,
780 4487 827 4543 sed
841 4488 933 4549 statim
984 4485 1165 4542 damnationis
1182 4486 1287 4543 cuidam
1310 4488 1468 4545 Christiane
1486 4506 1609 4562 personae
1621 4493 1778 4553 tradidimus

136 4577 273 4648 egredior.
284 4578 315 4633 Si
332 4585 423 4633 antem
437 4592 519 4634 causa
533 4576 660 4633 Ecclesia.
684 4575 757 4633 linita
773 4576 932 4646 maluerit,
985 4577 1219 4645 conservandam,
1246 4586 1275 4633 ut
1297 4579 1320 4635 si
1348 4579 1460 4651 forsitan
1484 4582 1512 4641 bi
1535 4584 1581 4654 qui
1606 4566 1778 4642 excesseram

137 4664 225 4723 itemh
240 4666 419 4725 sacramentis
429 4680 497 4735 opus
512 4682 565 4721 nno
590 4666 689 4733 babeo,
717 4666 780 4737 utria
795 4682 933 4738 nunqnam
984 4669 1160 4726 nullomodo
1184 4671 1321 4743 corrigere
1337 4673 1502 4744 voluissent,
1522 4687 1570 4731 aut
1592 4677 1616 4733 si
1638 4677 1717 4734 uobis
1737 4680 1777 4734 vis

137 4752 291 4813 deSauctse
315 4754 472 4825 Eupbemim
493 4754 604 4813 basilica
631 4756 707 4813 crire
729 4754 854 4827 dispono,
879 4757 929 4812 nisi
984 4758 1075 4829 aliqua
1089 4761 1263 4830 irrogaretur,
1288 4763 1345 4831 sire
1365 4764 1492 4838 quaelibet
1517 4765 1673 4837 inquietudo
1688 4767 1776 4834 fleret,

136 4845 292 4903 walum
304 4846 340 4903 ab
352 4843 476 4902 Ecclesia
499 4845 547 4905 Dei
571 4843 653 4915 fuerit
675 4854 851 4921 crapulatum.
865 4847 931 4919 Napi
983 4848 1025 4905 rel
1037 4856 1111 4904 certe
1122 4850 1238 4917 betruano
1252 4861 1326 4915 sorte
1343 4854 1471 4911 transitus
1482 4854 1516 4910 de
1526 4853 1577 4911 bac
1591 4855 1653 4912 luce
1668 4858 1774 4913 contiu-

169 5037 183 5065 ·
193 5026 295 5097 Paris,
311 5029 452 5150 {galiorum
469 5038 497 5089 et
512 5031 592 5103 paulo
607 5040 679 5105 post,
695 5040 862 5104 coquerentur.
1023 5026 1031 5066 ¹
1049 5027 1120 5083 idern
1130 5029 1205 5092 cod„
1218 5032 1334 5085 coelitem
1346 5033 1534 5091 excubitorem.

167 5095 297 5163 briem,
337 5107 392 5152 nto.
1020 5108 1032 5145 ι
1049 5097 1120 5151 Ιιιιιι
1145 5099 1218 5165 ιιι,
1234 5103 1383 5173 retipiomm
1401 5106 1482 5158 uirum
1494 5100 1690 5161 Constantinam
1704 5122 1776 5178 pure·

168 5178 181 5207 ο
197 5164 457 5225 EdiditSirmoudus
469 5177 532 5238 post
541 5169 716 5241 appendicem
727 5170 835 5226 Codicis
844 5170 929 5226 'ibeo
982 5179 1089 5234 ctorem,
1103 5177 1156 5223 etc.

131 5236 249 5292 doeiaoi.
263 5234 351 5292 Estin
362 5254 415 5293 me.
430 5239 593 5296 collectione
615 5249 770 5311 peruetusta
785 5241 812 5294 in
830 5241 927 5297 biblio-
1019 5238 1031 5314 ’ᾗ
1048 5238 1118 5297 ldcrn
1129 5238 1201 5301 cort..
1216 5241 1318 5307 itident-

133 5308 213 5365 taem
244 5304 359 5379 Collegii
391 5308 552 5371 Parisienmt
582 5310 726 5377 Societatis
758 5309 831 5367 lesu.
857 5309 928 5369 iltu-
1023 5306 1239 5369 memorium.

131 5392 237 5432 nanus.
829 5386 835 5397 ’
1020 5384 1027 5427 ι
1048 5376 1202 5441 annectit,
1218 5394 1311 5434 ntettse
1321 5381 1450 5444 Atrcrrsto.

166 5448 181 5483 ⁴
202 5445 270 5503 (lod.
282 5445 363 5515 Luc„
381 5448 575 5505 flaminicarum
589 5450 641 5516 (lie,
655 5450 685 5506 id
704 5460 743 5506 rer
767 5452 856 5524 quiem
876 5451 926 5505 eet,
1018 5445 1030 5484 ι
1048 5444 1076 5501 ln
1088 5446 1227 5502 llormisda
1238 5449 1346 5504 dictam.
1359 5450 1523 5504 ttmmnos.

131 5514 213 5570 retr.
1021 5516 1027 5554 ¹
1047 5516 1076 5573 ln
1090 5516 1150 5573 eod.
1170 5516 1233 5573 Luc.
1247 5518 1323 5573 deest
1334 5521 1522 5575 communnione.

170 5596 183 5625 a
199 5585 351 5643 Maium
365 5588 430 5660 legit
442 5605 458 5649 ι
471 5588 598 5657 courtier
621 5589 771 5662 Februarii,
785 5591 811 5649 id
830 5599 872 5649 cst
893 5588 930 5647 28
1016 5597 1034 5623 ¹¹¹
1050 5586 1127 5641 drino
1142 5585 1203 5651 55¹,
1216 5586 1258 5641 die
1274 5586 1307 5641 ιι
1321 5587 1441 5655 Augusti.
1457 5584 1619 5648 llinoumus.

130 5652 250 5715 imarii
262 5672 307 5719 an.
324 5654 388 5715 552.
1020 5654 1198 5721 necatur..
1211 5672 1278 5711 ttotto
1292 5658 1341 5712 col.
1355 5657 1436 5717 Deest
1450 5660 1476 5716 t'tt
1493 5660 1627 5718 Ormiadu.
