4059 6184
165 282 233 339 {093

676 278 837 339 HISTORIA
856 273 1078 336 iniustitiis.
1099 274 1199 331 Ltuun
1221 274 1275 331 itt.

1732 277 1800 335 tuus

162 411 266 465 pineus.
281 397 324 449 ini
337 409 377 451 ins
395 388 474 467 ÷oil÷g¹
485 393 567 449 aiioui
583 394 711 463 principis
725 393 878 449 ministrare
890 404 957 447 eon·
972 391 996 449 Δ
1012 386 1122 454 insidia,
1134 386 1329 454 eximperatori
1341 386 1473 453 dicerent,
1486 388 1547 457 onia
1561 386 1705 458 plurimum
1717 399 1803 447 ιοιιι·

162 484 283 542 tenderet
300 486 364 555 (riou
385 487 456 541 euiiu
472 486 579 540 nolebat
602 492 684 539 tant-s
704 482 854 537 liomioibns
870 480 958 536 eudes

162 574 285 645 inferre),
300 577 414 631 lateiner
437 576 578 629 inundauit·
591 581 621 629 ut
634 570 723 629 nuilus
742 573 768 628 ln
784 573 828 627 ilfa
849 571 959 627 basilica

160 679 322 722 remaneret.
336 667 388 724 Scd
401 683 481 722 neruo
490 667 607 737 respexit
618 681 705 736 nenne
718 665 860 720 consilium
874 677 960 734 neone

162 766 293 814 terrorem
303 758 373 829 eins.
387 758 488 815 Omnes
502 759 574 815 enim
591 758 674 814 altera
690 758 780 814 dicad
796 758 884 812 locuni
899 771 959 811 ora·

163 850 244 905 tionis
264 852 364 920 puriter
382 851 580 906 conduxerunt.
596 850 717 918 Cirmoue
737 847 879 917 prefectus
899 862 959 901 enin

163 942 245 996 iruulta
259 943 373 998 rnilitum
386 959 465 999 nianii
481 944 514 998 nil
528 941 666 999 basilicam
680 941 862 998 festinaretur
875 940 960 1010 impe·

163 1036 262 1091 raiuiis
275 1038 414 1107 perficeret
424 1037 714 1107 jussionem,ouicdam
729 1034 886 1089 muliercula
899 1047 959 1088 coni

165 1127 344 1194 paupertated
363 1143 523 1198 gi=iis,snnm
534 1128 616 1182 filiurn
628 1125 962 1191 moontrabeusenrsuqnc

165 1216 197 1271 ad
210 1217 281 1272 illini
294 1218 430 1273 insilienm
447 1233 605 1289 properans,
616 1216 731 1287 preelecti
748 1213 890 1283 interrupit
899 1212 960 1267 offl-

165 1306 245 1361 siinu.
260 1306 413 1377 lnillguatns
431 1323 496 1363 reru
510 1309 652 1377 praefectus
664 1307 802 1362 mulierem
814 1304 896 1375 jussit
910 1302 960 1357 sibl

166 1397 273 1464 adduci,
287 1397 409 1467 dixitque
432 1398 465 1453 ad
484 1413 543 1454 eain
560 1398 605 1453 ιιι
626 1397 717 1452 infelix
734 1395 840 1461 mulier,
854 1406 909 1462 quo
923 1392 962 1446 sic

166 1487 323 1553 indecenter
341 1490 447 1543 curris?
473 1492 508 1543 it
527 1489 571 1544 illa
587 1507 594 1542 ι
609 1488 709 1545 Ubi-et
726 1487 781 1554 alii,
805 1485 899 1555 iuquit,
924 1485 963 1540 ire

167 1581 303 1637 festinant.
319 1582 394 1639 'func
405 1583 450 1639 ille
467 1599 475 1639 ι
493 1586 548 1638 Nou
562 1582 660 1637 audisti
674 1582 736 1651 qnia
751 1580 892 1649 prefectus
908 1576 963 1631 illic

167 1676 304 1730 oicinirns
320 1684 363 1731 est
383 1677 523 1732 universos
542 1689 718 1747 quoscunque
737 1671 917 1741 compereriti
931 1671 963 1725 Et

1011 493 1068 535 rem
1079 482 1144 535 riris
1155 479 1278 551 illisque
1288 481 1448 535 contumelia
1461 476 1727 550 putabainralferret.
1739 481 1803 538 tine

1010 581 1160 638 agnoscens
1175 568 1330 639 imperatur,
1351 567 1432 638 jussit
1447 579 1474 624 ut
1490 567 1543 625 bini
1557 580 1759 640 separarentur,
1775 578 1803 626 ct

1011 664 1079 729 alius
1085 663 1192 733 quidem
1203 663 1230 717 in
1242 663 1380 731 lliracius,
1392 665 1460 720 alios
1469 665 1494 718 iu
1502 676 1651 721 citreinam
1662 666 1801 736 Arabiam,

1011 752 1081 811 alins
1101 768 1164 810 vcro
1186 755 1212 809 in
1224 753 1368 831 Thebaide
1381 756 1507 824 dispersit
1522 756 1611 813 urbes.
1637 760 1718 814 diunt
1730 757 1802 817 enim

1011 845 1075 915 qnia
1089 853 1169 901 etam
1186 848 1280 902 fratres
1296 863 1362 916 onos
1378 858 1470 902 natura
1483 849 1582 919 juniii,
1599 853 1803 910 crudelissimus

1012 951 1126 1004 crpore
1144 937 1286 1005 separarit.
1305 938 1387 991 f‘orro
1412 938 1551 1009 Eulogium
1578 934 1718 1008 prosilui
1741 945 1803 1000 illo·

1013 1045 1084 1096 riim,
1097 1044 1123 1087 et
1137 1031 1325 1101 Protogenen,
1337 1033 1383 1100 oui
1394 1043 1453 1096 nost
1465 1050 1526 1089 euin
1540 1033 1599 1101 fnit,
1615 1036 1640 1090 in
1657 1038 1802 1094 noituouu

1013 1124 1804 1192 usuiretriusini>inQuorumvirtutcrunonpatioroblirinnf

1013 1214 1185 1269 cinnaiteie.
1200 1215 1267 1269 (luni
1283 1216 1354 1270 euim
1376 1216 1536 1271 concordem
1552 1217 1675 1273 riderent
1688 1219 1804 1275 ciuitatis

1013 1307 1431 1377 episcopum,ecclesiasticoque
1441 1309 1553 1379 collegio
1562 1311 1803 1377 communicarent,

1014 1396 1135 1454 rideiuni
1162 1412 1259 1466 grauius
1273 1413 1333 1454 esse
1348 1399 1381 1454 inl
1406 1399 1534 1455 ecclesias
1548 1410 1749 1457 concurrentes.
1766 1401 1805 1457 uo

1014 1503 1066 1557 qua
1080 1503 1109 1542 re
1124 1489 1307 1553 consulentes,
1330 1497 1495 1557 ignoverunt
1509 1488 1672 1544 liuliitotores
1689 1491 1806 1548 ciuitatis

1014 1593 1075 1634 esse
1089 1593 1221 1645 pinninum
1238 1579 1308 1635 uirile
1323 1578 1444 1635 dolenter
1459 1579 1492 1635 de
1510 1594 1604 1636 eorosii
1619 1580 1806 1638 incredulitate

1016 1668 1153 1724 lamentati
1169 1680 1251 1725 sunt:
1268 1686 1321 1725 nun
1336 1681 1424 1726 taiiicn
1442 1671 1584 1741 lugendum
1599 1687 1660 1728 esse
1672 1673 1717 1728 din
1730 1675 1801 1730 arbi·

167 1768 266 1823 tundier
282 1788 288 1821 :
304 1769 412 1838 Audiri,
426 1770 522 1841 lnquit,
544 1770 659 1841 ideoque
679 1768 787 1836 ferino,
803 1777 831 1822 nt
851 1765 907 1820 illie
922 1764 963 1819 in·
978 1758 1002 1818 B
1015 1762 1159 1825 trinsiunt,
1172 1760 1302 1817 sedonrnl
1315 1761 1599 1818 virtutedeinedlcina
1611 1747 1804 1833 cogfiaieuuu.

167 1858 262 1913 senior
272 1858 343 1916 inter
355 1877 412 1917 eos.
425 1862 458 1916 Et
471 1862 516 1918 nbi
532 1860 605 1917 bunc
623 1862 761 1931 paruulum
779 1857 863 1913 trabis
874 1856 962 1912 infau-

169 1949 240 2003 teni?
250 1950 478 2008 'firiiciiinllerait
493 1971 501 2008 ι
518 1951 588 2009 Uter
599 1952 649 2007 iste
661 1952 818 2023 inartyriuni
828 1951 964 2020 suscipere

168 2051 314 2094 inserentur.
326 2040 388 2097 llaec
398 2056 458 2096 enni
470 2042 589 2097 audisset
599 2042 640 2096 rir
652 2040 894 2106 ille,considerarit
903 2053 964 2094 con

169 2145 266 2184 curren
280 2131 333 2185 iuui
344 2132 522 2188 uoluentem.
538 2132 571 2187 Et
583 2147 644 2187 inox
659 2144 800 2188 recurrens
815 2130 848 2184 ad
863 2128 964 2199 priuci-

170 2235 239 2290 peiu,
250 2223 383 2291 suggesti
395 2224 419 2278 ei
433 2223 505 2294 qiiod
518 2231 609 2279 essent
618 2238 713 2278 omncs
724 2229 838 2277 niortcin
853 2236 901 2290 pro
915 2235 963 2275 sna

172 2314 222 2369 fule
236 2317 373 2385 suscipere
389 2316 532 2387 praeparati
549 2335 556 2370 ε
574 2316 755 2372 irrationabile
774 2316 868 2371 dicens
889 2314 963 2370 brerf

172 2413 291 2474 tempure
304 2414 391 2462 tantos
405 2407 538 2463 occidere.
554 2406 613 2474 Quo
627 2408 700 2462 dicto
721 2407 756 2463 ab
768 2407 807 2463 ira
828 2406 965 2463 reroeiiit

171 2497 369 2565 liirperatoreiu.
385 2497 441 2553 lloc
461 2514 526 2569 ergo
541 2500 621 2554 inodo
635 2498 764 2554 Edesseni
779 2499 895 2553 furorem
913 2498 967 2550 iin-

171 2573 302 2656 peratoris
316 2587 455 2659 effugiunt.
472 2590 620 2654 Socuarrs,
635 2589 680 2644 fib.
700 2604 737 2655 rr,
756 2605 814 2661 cup.
834 2587 876 2644 tl.
890 2585 963 2643 Edit.

171 2679 265 2735 Christ.
285 2678 373 2736 Voles.
386 2698 443 2751 cop.
457 2680 500 2744 li.
516 2699 543 2751 p.
555 2678 618 2737 ies.

440 2818 555 2873 CbPlT
573 2815 695 2873 xxxiii.

170 2908 449 2969 vesoncensium
464 2909 555 2964 exsilio
570 2908 738 2975 pfiiriuiorsni
748 2905 962 2963 oritoioxorsu.

210 3023 244 3077 Et
257 3023 315 3077 buc
325 3023 433 3092 quidem
448 3036 508 3077 cuni
521 3023 663 3090 prefectus
673 3019 828 3090 imperatori
840 3017 963 3084 dixisset,

1015 1852 1230 1933 'l'risouonxnes,
1246 1852 1289 1906 tii.
1307 1868 1344 1917 ii,
1360 1870 1416 1924 cop.
1435 1855 1477 1908 lb.
1503 1854 1574 1911 Edit.
1599 1854 1694 1912 Efirr‘st.
1719 1855 1806 1914 ιἰιιιι.

1014 1958 1073 2014 cap.
1091 1944 1124 1999 ti
1136 1953 1158 1998 ef
1174 1946 1216 2011 tii,
1229 1963 1256 2016 p.
1275 1947 1336 2000 tiu.

1284 2078 1397 2135 tiator
1421 2078 1540 2137 xixti.

1217 2168 1257 2226 De
1276 2170 1406 2224 niiruciili'x
1424 2174 1611 2242 confessorum.

1051 2281 1254 2337 sacratissimus
1272 2282 1350 2354 igitur
1371 2282 1513 2353 Eulogius,
1534 2285 1563 2339 in
1587 2283 1740 2340 liabitaculo
1758 2302 1807 2342 siin

1016 2372 1152 2438 reduetus,
1171 2383 1224 2427 tota
1240 2372 1284 2428 ilie
1295 2383 1403 2442 tutaque
1419 2383 1497 2429 noete
1512 2377 1631 2430 ouiniinii
1644 2377 1807 2447 deprecabu-

1016 2473 1061 2521 tnr
1075 2465 1171 2520 [leiim.
1188 2467 1351 2537 Prorigenes
1362 2479 1450 2521 aiiteio
1464 2467 1540 2522 ralile
1557 2468 1739 2539 dignissimus,
1757 2470 1804 2525 Eu·

1016 2558 1100 2612 noinii
1113 2560 1209 2614 litteris
1222 2561 1354 2624 eruditus,
1370 2561 1402 2613 ad
1417 2560 1587 2615 scribendum
1600 2562 1728 2617 velociter
1742 2579 1809 2631 pirre«

1016 2646 1138 2720 parcitus,
1154 2650 1298 2707 inveniens
1312 2661 1491 2722 oppoitnnuin
1508 2653 1607 2719 lueuiii,
1625 2668 1742 2724 cunique
1759 2653 1809 2710 sibi

1016 2753 1163 2811 segregans
1172 2742 1206 2795 :iii
1219 2741 1385 2806 docendum:
1397 2742 1609 2798 adolescentium
1624 2746 1752 2815 rungistcr
1762 2747 1809 2800 'ef-

1017 2831 1103 2890 fectus
1118 2844 1171 2901 est,
1187 2852 1253 2905 unos
1267 2845 1292 2890 ct
1308 2838 1427 2891 seribere
1441 2837 1566 2894 uelociter
1577 2837 1716 2904 edocebit,
1732 2847 1760 2893 ιι
1771 2840 1809 2891 il}-

1017 2926 1078 2980 tiina
1098 2928 1236 2983 erudiebat
1259 2928 1375 2996 eloquia.
1399 2927 1518 2981 filietaliat
1540 2930 1579 2983 eis
1598 2928 1736 2984 llnv'dicis
1756 2945 1811 2984 rire·

1018 3016 1123 3082 ludius,
1149 3030 1175 3073 ct
1203 3020 1334 3090 apiostolie
1343 3042 1356 3071 ι·
1376 3019 1428 3075 doc
1441 3020 1505 3075 riuae
1525 3035 1656 3092 congruas
1683 3020 1831 3078 lectiones.

174 3113 303 3184 populum
318 3112 444 3183 quidem,
459 3112 531 3179 quod
553 3110 713 3177 sustinebat,
729 3126 783 3165 non
795 3109 904 3180 pertulit
915 3122 1002 3185 eri-c
1020 3111 1141 3166 meditari
1165 3112 1346 3181 pioeipieuii.
1369 3114 1491 3180 Curiique
1512 3127 1580 3167 niiiis
1602 3113 1810 3168 adolescentium

173 3204 267 3282 periri.
282 3202 381 3259 Verum
389 3202 472 3273 igitur
485 3201 569 3258 duces
581 3217 685 3267 euroni,
699 3201 725 3256 id
740 3210 781 3256 ιιι
795 3201 965 3271 presbyteros

174 3309 254 3368 etune
267 3299 396 3352 diaconos
407 3298 573 3366 interiogaro
590 3306 738 3364 irreceptns
752 3306 802 3359 esi,
819 3302 848 3347 ut
858 3307 966 3348 unusne

175 3394 279 3447 dirobns
303 3390 434 3460 eligerent
448 3406 456 3444 :
472 3398 519 3444 aut
537 3387 737 3444 communicare
752 3386 824 3456 lupo,
840 3397 886 3439 sut
900 3385 966 3440 urbe

154 3464 159 3473 ’
177 3483 290 3552 pellici
310 3482 336 3536 in
358 3479 515 3550 quibusdam
537 3479 667 3536 extremis
689 3479 808 3548 piartibus
827 3476 964 3532 destinari.

176 3574 297 3642 Eurique
322 3580 513 3642 congregasset
535 3571 693 3635 universos,
710 3570 819 3624 initilius
843 3573 968 3624 utebatur

176 3663 275 3726 coibis,
291 3663 453 3732 persuadere
465 3662 554 3718 nitens
565 3672 593 3717 iit
606 3662 679 3733 leges
693 3673 871 3732 sequerentur
880 3660 966 3728 impe·

176 3755 292 3809 ratoris:
311 3753 437 3809 indicium
455 3754 573 3808 resanius
586 3753 680 3809 dicens
691 3768 763 3819 esse,
780 3763 809 3807 ιιι
830 3763 905 3807 sumo
916 3752 968 3807 irn-

178 3847 293 3911 peraturi
319 3845 395 3914 ponci
417 3843 540 3901 homines
555 3844 725 3900 resultsrent.
742 3846 863 3915 Cumque
878 3843 969 3898 cnucii

179 3945 315 4001 urerent,
328 3939 361 3993 aiil
383 3937 478 3993 borum
497 3936 592 3993 duceni
608 3937 769 4009 Eulogium.
785 3938 873 3993 virum
892 3937 968 3993 rilile

179 4027 342 4083 Ιιιιιιιιιιιιιιιι
361 4027 506 4097 prefectus
519 4026 557 4082 ait
575 4043 584 4081 x
604 4026 659 4082 Cur
682 4042 735 4083 non
757 4029 905 4096 respondes
929 4028 970 4082 liis

180 4137 239 4189 ipio·
251 4121 376 4174 dicuutur
388 4132 403 4171 ι
415 4117 518 4173 nobisl
537 4119 572 4173 At
586 4118 631 4173 ille
645 4136 652 4172 t
667 4133 732 4185 non,
752 4119 848 4188 innuit,
863 4128 971 4188 oportet

180 4212 246 4265 iiiiii
275 4211 468 4280 interrogation
499 4208 671 4278 respondere.
698 4208 773 4265 Tunc
802 4207 968 4278 preelectus:

180 4304 262 4357 linita
274 4304 364 4371 itaque
378 4300 460 4356 rerba
471 4305 578 4355 loeutus
588 4315 658 4366 sum,
674 4314 787 4356 monens
797 4315 845 4355 ros
859 4316 918 4370 quse
932 4316 973 4357 ra·

181 4395 214 4450 iii
233 4394 389 4463 expediunt.
416 4393 501 4449 Porro
525 4390 653 4465 Eulogius
672 4393 804 4449 universis
823 4392 882 4448 baec
900 4392 971 4449 dicta

1018 3206 1156 3261 incidisset
1169 3208 1195 3259 io
1215 3206 1413 3275 egritudinem,
1429 3206 1502 3260 uenit
1524 3203 1556 3260 ad
1570 3205 1679 3261 domum
1699 3204 1773 3275 cium
1787 3214 1812 3261 et

1020 3310 1115 3353 tenens
1130 3299 1223 3368 egroti
1237 3297 1387 3365 dexteram,
1404 3299 1557 3367 languorem
1571 3298 1734 3354 orationibus
1748 3290 1812 3354 effu·

1019 3391 1103 3459 giiii.
1119 3390 1174 3445 lloe
1188 3400 1363 3461 agnosientcs
1382 3392 1495 3447 aliorum
1514 3399 1640 3460 parentes
1654 3391 1812 3454 infantinin,

1019 3483 1189 3538 deduxerunt
1199 3498 1261 3539 enm
1283 3482 1317 3536 ad
1331 3483 1426 3539 domos
1445 3496 1516 3547 snas,
1532 3493 1558 3538 ιι
1574 3486 1681 3553 egrotis
1692 3481 1814 3538 auxiliari

1019 3571 1245 3641 deprecabuntur.
1260 3573 1294 3628 ιιι
1307 3572 1352 3627 ille
1366 3587 1418 3626 nun
1433 3581 1495 3628 aute
1508 3587 1538 3627 se
1549 3573 1617 3643 dixit
1627 3572 1710 3628 ιιιιιιιι
1726 3580 1813 3629 nfer-

1017 3664 1187 3735 'pellerentur
1199 3663 1371 3743 egritudines
1385 3671 1550 3731 rogaturum,
1565 3662 1615 3717 nisi
1635 3663 1708 3731 prius
1720 3660 1813 3734 mgroii

1020 3751 1819 3823 sueribaptisniatisninuerepotirenturzqnodillilntanter

1020 3843 1209 3915 impleverunt
1227 3842 1345 3912 Cogebut
1355 3845 1425 3899 enini
1439 3858 1486 3899 eos
1498 3844 1591 3899 solutis
1606 3844 1815 3909 desideriorum

1022 3936 1073 3993 snb
1096 3952 1149 3992 uno
1163 3938 1260 3992 atiinne
1283 3936 1459 4007 corpori-que
1474 3940 1587 3992 sanitie
1609 3928 1777 3993 irneliautnrJ
1788 3940 1816 3993 Si

1021 4029 1129 4099 quuitdo
1139 4044 1204 4085 reru
1217 4027 1297 4085 alicui
1311 4030 1439 4085 suasisset
1450 4044 1589 4086 ittsniruui
1604 4034 1714 4095 grtitinin
1730 4049 1816 4087 iniec·
1866 4081 1870 4093 ,

1022 4132 1096 4177 retur
1108 4120 1241 4192 accipere,
1258 4120 1406 4177 deducebat
1421 4136 1482 4177 euin
1498 4126 1530 4176 aii
1548 4125 1697 4192 biiugum,
1715 4136 1739 4178 ei
1751 4139 1818 4179 eiiu-

1023 4211 1129 4266 cutiens
1141 4210 1263 4282 farinam,
1280 4211 1391 4281 rogabat
1412 4221 1441 4265 ut
1454 4216 1586 4280 aperiret,
1603 4230 1634 4267 ue
1649 4230 1751 4281 iigiuiu
1769 4217 1817 4267 ilo·

1024 4302 1153 4358 misticum
1177 4302 1201 4359 ei
1221 4302 1267 4372 qul
1289 4303 1376 4358 luertit
1398 4313 1506 4358 renuitis
1524 4306 1683 4368 inipuncrci.
1700 4308 1818 4370 liiiniipic

1025 4390 1220 4449 illedifllcilius
1242 4393 1374 4460 aperiret,
1392 4407 1426 4446 ne
1442 4395 1629 4448 incurrissent
1653 4398 1817 4457 ontionem,

181 4490 261 4542 finisse
275 4485 427 4557 respoudit;
442 4495 469 4541 et
482 4485 658 4557 incongruum
679 4499 740 4541 esse
755 4493 784 4540 ut
803 4486 888 4553 solus,
904 4486 973 4542 alius
987 4482 1132 4549 lidieebat
1152 4483 1241 4552 potins
1253 4496 1313 4537 esse
1332 4483 1510 4537 iicet-ssariuii
1530 4485 1642 4535 situum
1661 4486 1760 4539 ceruini
1773 4502 1818 4540 ui..

181 4582 342 4650 «respiciens,
359 4580 546 4649 responderet.
561 4578 590 4634 Si
612 4592 675 4633 reru
690 4593 732 4634 me
745 4576 852 4642 solum,
868 4579 970 4650 iniquit,

183 4677 343 4744 interingas,
368 4688 453 4727 iueain
468 4671 611 4728 declarabo
632 4670 804 4728 sententium.
825 4671 972 4727 Prmfeetns

183 4770 219 4821 iii
233 4786 239 4819 ι
254 4766 428 4821 communica
445 4763 594 4835 possidenti
609 4779 730 4834 regnum.
748 4765 782 4820 At
802 4766 847 4821 ilie
863 4767 973 4835 pacifice

182 4869 208 4913 et
224 4860 303 4913 niinis
317 4847 455 4928 &stanter
469 4858 525 4910 ait:
543 4855 575 4910 Et
588 4857 652 4909 milii
670 4856 744 4926 regni
760 4870 868 4926 unoquo
883 4872 973 4912 sacer·

183 4948 302 5016 donique
317 4944 482 5002 consortium
500 4954 552 5001 est.
564 4946 640 5001 func
663 4947 805 5015 praefectos
820 4947 972 5003 irrisionem

184 5040 304 5094 recutiens
324 5038 463 5099 sxciicbat,
488 5044 515 5091 et
538 5035 641 5107 iniuriis
661 5046 753 5091 contri
776 5054 869 5095 senem
891 5052 973 5103 nous,

183 5129 265 5184 eiiam
280 5130 363 5183 buca
381 5126 418 5198 je
428 5128 468 5180 it:
485 5124 542 5181 Non
558 5132 608 5180 unc
622 5128 726 5182 loeutus
740 5143 815 5197 sinn,
832 5130 976 5197 fulminan-

183 5225 235 5284 ιω
251 5218 299 5275 sed
313 5216 409 5288 ouibus
425 5219 608 5273 communicat
622 5212 779 5288 imperator,
794 5221 976 5275 communica·

184 5312 216 5362 ιθ
235 5325 281 5367 ros
296 5310 401 5366 menni.
416 5309 536 5380 Cninipue
550 5310 662 5365 dixisset
684 5326 765 5366 senex
788 5320 924 5382 pastorem
944 5328 975 5368 se

184 5404 301 5471 lubere,
318 5413 345 5459 ct
365 5401 437 5456 illius
456 5402 564 5457 nutibus
587 5400 710 5467 ubeifire,
726 5405 860 5472 octoginti
879 5406 976 5461 eodem

185 5493 528 5565 icirrporceouipreliensos
541 5494 687 5549 destinarit
709 5496 736 5550 in
751 5495 895 5552 Thraciam
909 5516 916 5553 :
932 5499 977 5568 qui

185 5600 245 5638 euni
256 5584 429 5650 ducerentur,
445 5583 559 5654 plnriioo
570 5598 619 5651 per
628 5585 680 5640 iter
690 5585 755 5659 [sd.,
771 5586 882 5659 pariter]
895 5604 979 5658 appe-

186 5692 246 5732 rxin
261 5676 427 5734 fruebantur.
440 5676 569 5731 civitates
581 5677 652 5731 enini
667 5678 856 5745 occurrebant,
871 5689 900 5733 et
914 5682 972 5751 uici⁸

186 5771 337 5828 devictores
349 5770 465 5828 ntbletas
486 5758 660 5827 noiioruuiei.
682 5771 735 5828 Sed
753 5774 844 5829 liosies
864 5776 977 5830 urinarii

1027 4574 1190 4630 llfrubtinlur
1200 4572 1280 4640 igitir
1291 4574 1419 4631 uitliersi,
1433 4572 1556 4625 niilcntes
1572 4576 1578 4625 f
1592 4586 1744 4644 rutogcncin
1759 4578 1819 4629 inlisi

1028 4668 1126 4731 fucere.
1143 4667 1187 4737 qui
1204 4666 1266 4721 licet
1280 4670 1361 4719 lentis
1375 4668 1464 4719 lunieri
1482 4666 1579 4721 divinus
1599 4670 1675 4732 comui
1690 4668 1758 4723 ionis
1770 4670 1820 4721 lin·

1028 4760 1153 4829 pertiret,
1170 4767 1259 4813 tannen
1273 4757 1386 4829 untogn·
1408 4758 1550 4827 priiuaruin
1566 4776 1612 4825 pei·
1626 4764 1715 4813 oniuio
1733 4776 1820 4814 rescr-

1029 4863 1119 4916 iuret3
1136 4860 1165 4905 ut
1178 4864 1225 4905 eos
1243 4865 1310 4918 ninus
1323 4851 1446 4917 capiebat
1461 4847 1496 4905 itti
1513 4851 1596 4919 iringis
1611 4851 1653 4906 ott
1665 4861 1729 4905 ruet.
1748 4851 1821 4907 Uinio

1028 4940 1206 5010 conjiciebant
1230 4941 1314 4996 inulto
1340 4944 1424 5012 iringis
1450 4943 1576 4997 virtutem
1602 4943 1670 4998 illius
1691 4958 1818 4998 eriniiore.

999 5084 1006 5091 .
1028 5031 1095 5086 Cnin
1110 5033 1189 5103 igitur
1201 5033 1339 5088 fluctuatio
1359 5034 1513 5103 quievisset,
1531 5035 1720 5105 tranquillitale
1736 5038 1821 5105 ficui,

1029 5137 1152 5178 reineure
1164 5136 1312 5193 prereptos
1323 5124 1491 5179 deduxerunt
1503 5139 1597 5180 onnes
1608 5128 1821 5195 ingemiscentes,

1029 5225 1057 5270 et
1072 5215 1260 5285 lacrymantes,
1273 5214 1387 5268 niaiinie
1396 5229 1459 5269 iero
1473 5216 1570 5283 praesul
1582 5217 1718 5284 Ecclesiae,
1730 5232 1822 5273 euruni

1032 5311 1150 5379 privatus
1160 5307 1267 5363 affectu.
1277 5306 1399 5377 Cuonpie
1410 5307 1444 5361 nd
1458 5308 1566 5382 propria
1581 5321 1758 5377 remeassent,
1767 5326 1823 5366 san·

1032 5414 1091 5459 ctus
1105 5401 1212 5473 quidem
1230 5402 1370 5471 Eulogius,
1385 5401 1467 5455 uarie
1483 5401 1599 5456 niaximo
1621 5403 1655 5457 ad
1670 5404 1751 5457 ritsin
1767 5403 1826 5460 fei·

1031 5497 1164 5553 eisxirniim
1177 5502 1342 5558 transeunte,
1355 5492 1414 5562 ejus
1423 5494 1542 5564 suscepit
1556 5492 1673 5566 regimen
1685 5488 1822 5550 Ecclesiae.

1034 5591 1118 5645 forro
1132 5585 1263 5645 mirabilis
1277 5584 1441 5655 Protogenes
1453 5587 1544 5641 colere
1562 5587 1655 5657 jussus
1669 5597 1710 5642 cst
1734 5588 1827 5641 nrbenr

1031 5680 1204 5736 Cirtensium
1223 5675 1383 5742 desolutum,
1399 5685 1426 5730 et
1447 5676 1532 5745 spinis
1547 5678 1687 5747 gentilium
1710 5677 1826 5746 uiidinue

1034 5772 1158 5844 plentius,
1181 5782 1240 5841 qum
1264 5770 1353 5837 utlnne
1373 5766 1495 5837 plurimis·
1524 5769 1661 5827 laboribus
1683 5768 1826 5840 indigenti.
