4059 6184
167 274 240 332 ldo‘d
773 267 809 323 lt.
830 263 970 322 hunbald
992 260 1192 321 cnsstonont
1742 259 1811 315 totio

162 394 240 450 nibus
250 400 399 452 uterentur.
422 390 543 460 Cumque
554 384 758 458 respondissent
773 400 827 440 uno
843 393 961 441 tantum·
977 391 998 442 Α
1015 384 1143 450 quoniam
1162 378 1252 436 Thirls
1272 379 1330 450 ejus
1343 376 1444 434 nomini
1464 374 1558 433 similis
1569 382 1620 432 est.
1637 372 1662 429 ls
1674 374 1746 430 caim
1761 374 1811 457 ¹¹¹¹:

161 484 244 541 modo
267 486 330 542 loco
349 484 399 541 sibi
414 481 544 539 offerendi
568 479 730 536 sacrthctum
750 478 834 535 luisse
848 477 961 549 peruris·
1013 475 1073 531 rius
1089 489 1123 530 ex
1136 472 1272 529 llrmeuitc
1286 471 1439 529 redundans
1452 469 1601 534 montibus,
1615 475 1645 523 et
1662 481 1713 538 per
1726 464 1809 538 Assy·

161 593 231 642 sum,
247 583 359 647 repente
369 574 449 644 jussit
463 574 519 628 lieo
533 570 640 627 odibilis
661 569 827 627 destructum
845 567 962 625 resusci-
1012 567 1115 622 riorum
1136 580 1201 621 arra
1222 565 1385 631 discurrens,
1407 563 1496 619 sinunt
1516 559 1658 617 descendit
1672 558 1699 614 in
1721 556 1812 615 Persi·

162 674 221 721 tare
235 665 363 735 templum
386 680 392 716 :
412 646 533 717 'credens
556 658 647 715 infelix
661 657 827 714 dominicum
851 656 962 712 uerbum
1013 671 1085 712 curu.
1099 655 1151 713 Per
1164 656 1440 727 haecergoresponsa
1460 651 1592 723 deceptus
1605 648 1709 716 infelix,
1731 656 1759 705 et
1772 648 1813 704 vi·

161 772 191 811 se
206 771 287 826 posse
306 754 462 819 destruere;
477 751 556 821 cujus
572 765 619 821 per
643 749 696 805 hoc
710 748 853 804 veritatem
876 746 963 816 magis
1013 748 1128 804 ctoriam
1153 755 1244 804 mente
1268 746 1431 810 somniabat,
1459 751 1488 801 et
1509 753 1571 814 post
1592 740 1730 799 Persicum
1750 740 1812 814 [ab.

161 845 290 902 ostendit.
305 842 369 900 line
382 844 474 913 itaque
487 841 568 897 rerba
592 838 680 896 ludaei
699 838 814 895 liheuter
828 836 963 908 accipien·
1014 838 1182 911 Parthicum]
1197 839 1319 911 pratum
1334 853 1453 910 pugnam
1467 834 1586 893 Galilmis
1599 834 1699 890 inlerre
1708 847 1814 905 praepa·

162 945 214 1003 tes,
238 934 344 991 cunctis
365 948 415 1004 per
428 932 565 988 diuersum
588 937 720 986 terrarum
735 928 829 984 orbem
849 926 963 983 manda·
1013 929 1111 995 rahat3
1126 928 1166 984 sic
1189 927 1261 983 enim
1281 927 1396 984 uocabat
1419 924 1587 983 Christianos
1599 941 1606 977 ε
1619 921 1814 980 coutumeliam

160 1043 226 1084 rere
239 1025 347 1082 ludaris.
362 1025 413 1093 Qui
427 1024 547 1096 undique
562 1030 766 1089 concurrentes,
786 1020 916 1092 pecunias
929 1017 964 1074 ad
1015 1020 1132 1075 nominis
1145 1034 1175 1075 se
1191 1019 1231 1075 eis
1252 1018 1353 1075 inlerre
1367 1026 1476 1088 putans,
1498 1031 1559 1073 cum
1575 1015 1660 1085 magis
1673 1013 1813 1071 debuisset

162 1119 305 1175 aedilicium
319 1117 445 1173 alacriter
457 1114 608 1172 ollerehant
623 1133 630 1168 :
651 1113 865 1183 ministravitque
879 1110 965 1183 pluri·
1015 1126 1109 1168 eorum
1122 1111 1296 1168 considerare
1309 1111 1448 1166 virtutem.
1464 1109 1524 1165 Non
1541 1107 1613 1165 enim
1629 1105 1767 1173 δοιιιιιιε,
1778 1105 1814 1161 Ιί·

72 1228 74 1231 ’
162 1225 237 1265 mum
266 1209 347 1265 etiarn
374 1213 533 1278 imperator,
557 1222 612 1263 non
644 1204 775 1276 largitatis
794 1203 891 1274 gratia,
915 1202 964 1259 sed
1015 1211 1060 1258 cet
1074 1200 1437 1273 Critiasloeritappellatus,
1460 1208 1487 1257 et
1500 1198 1667 1273 Pythagoras
1680 1195 1812 1268 Phalaris,

161 1300 270 1358 veritati
286 1312 447 1371 repugnans.
464 1297 591 1369 llisitque
609 1297 713 1368 pariter
734 1294 887 1366 presidem,
910 1293 963 1347 im·
1015 1308 1050 1348 ex
1069 1293 1219 1349 mutatione
1242 1293 1362 1350 nominis
1383 1291 1505 1364 qualibet
1524 1299 1587 1347 sunt
1605 1298 1682 1362 peste
1703 1289 1814 1361 partici-

162 1393 270 1465 piorum
310 1399 500 1448 exsecutorem
532 1389 717 1462 dignissimum
756 1396 962 1459 praceptorum.
1015 1382 1089 1452 pati,
1118 1397 1207 1454 neque
1224 1381 1328 1438 Nereus
1349 1379 1489 1437 Thersites
1512 1386 1634 1447 uocatos,
1662 1376 1814 1434 naturalem

165 1483 250 1539 Aiunt
264 1483 336 1539 enim
349 1483 477 1554 quoniam
491 1482 525 1538 ad
538 1480 692 1553 repurgium
703 1478 856 1536 laciendum
869 1491 965 1547 argen-
1016 1474 1243 1544 pulchritudinem
1263 1486 1345 1544 quant
1361 1471 1474 1541 gerebat
1493 1470 1594 1527 amisit.
1620 1468 1723 1525 ilerum
1745 1466 1814 1523 nihil

164 1582 222 1630 teas
235 1574 339 1641 hamas,
354 1582 382 1629 et
393 1573 535 1646 cophinos,
547 1580 575 1629 et
582 1572 696 1644 scaphas
708 1573 871 1629 hahuerunt.
885 1568 966 1626 Cum·
1015 1572 1107 1621 ruerrte
1121 1565 1282 1637 percipiens,
1298 1580 1331 1620 ex
1346 1565 1397 1620 hac
1411 1562 1595 1635 appellatione
1616 1560 1718 1632 aliqmd
1735 1574 1813 1615 morr-

165 1681 220 1737 que
240 1664 333 1721 fodere
351 1664 407 1735 jam
422 1665 577 1735 coepisscnt,
591 1672 693 1720 statuto
708 1663 817 1732 quidem
843 1661 887 1717 die
911 1662 965 1718 hoc
1016 1655 1065 1709 stri
1089 1670 1120 1711 se
1145 1656 1224 1711 nobis
1248 1655 1353 1726 putarit
1377 1653 1486 1710 inferre.
1509 1653 1544 1709 Et
1569 1652 1660 1708 laliaci
1682 1666 1814 1722 responso

165 1754 307 1810 multitudo
322 1754 435 1826 plurima
457 1753 592 1809 iaciebat:
617 1762 696 1809 nocte
715 1768 790 1819 tero,
814 1760 965 1824 spontanea
982 1763 1001 1821 1,
1016 1749 1141 1817 credens,
1156 1747 1380 1804 interminabatur
1401 1762 1449 1818 per
1469 1745 1600 1803 ecclesias
1617 1745 1767 1801 damnum
1782 1758 1814 1801 sc

155 1830 238 1900 'terra
261 1845 295 1900 de
308 1845 376 1900 valle
389 1845 539 1900 crescebat.
554 1842 654 1900 Solutis
670 1844 761 1912 itaque
775 1842 872 1913 prioris
881 1841 964 1897 etiam
1016 1847 1137 1895 statuere
1160 1839 1314 1895 simulacra.
1340 1837 1550 1902 Teaoooacrus,
1570 1836 1615 1894 lii.
1634 1852 1673 1903 nr,
1693 1854 1751 1909 cop.
1767 1835 1811 1893 t8.

166 1934 332 1991 fundamenti
345 1933 475 2004 reliquiis,
487 1949 557 1988 nova
567 1933 658 1989 omnin
671 1933 868 2004 preparabant.
883 1931 965 1987 Cum·
1018 1927 1094 1984 Edit.
1111 1926 1208 1985 Christ.
1227 1929 1314 1985 Voles.
1330 1946 1390 2002 cop.
1407 1930 1453 1995 el,
1465 1948 1491 2002 p.
1511 1930 1572 1985 lli.
1588 1928 1652 1987 Post
1670 1929 1721 1985 bas
1733 1929 1813 1999 igitur

165 2041 218 2096 que
228 2025 304 2098 gypsi
319 2032 347 2081 et
360 2025 442 2081 caleis
455 2023 541 2080 multa
554 2023 707 2079 modiorum
718 2022 801 2077 millia
815 2035 965 2093 prceparas·
1015 2020 1113 2087 minas,
1125 2020 1159 2076 ab
1174 2035 1228 2077 uno
1239 2021 1299 2076 siro
1315 2020 1340 2074 in
1355 2021 1450 2077 lieroea
1465 2021 1615 2077 debellatus
1630 2027 1682 2076 est.
1695 2019 1720 2077 ls
1740 2022 1812 2075 euim

165 2126 236 2184 sent,
254 2117 294 2173 ris
309 2124 682 2186 magnatentorumrepcute
696 2114 843 2185 respirans,
858 2122 964 2183 tempe·
1016 2112 1117 2168 nobilis
1142 2121 1210 2177 erat,
1239 2111 1351 2182 ejusque
1379 2112 1498 2169 civitatis
1524 2113 1607 2169 corin
1633 2110 1812 2183 praesidebat,

165 2216 250 2265 states
263 2220 345 2280 atque
359 2207 484 2279 procellos
498 2208 588 2264 subito
607 2206 694 2272 laeta,
709 2205 839 2278 quidquid
852 2220 965 2277 congre·
1016 2219 1098 2275 quern
1113 2205 1300 2285 zelusChristi
1319 2205 1437 2262 reddidit
1453 2205 1605 2273 clariorem.
1625 2203 1727 2261 bidens
1740 2220 1813 2260 nour·

165 2298 354 2369 gatuquerat
366 2300 561 2371 disperserunt.
579 2297 677 2355 Adhuc
696 2307 787 2355 autem
801 2298 966 2354 vesanienti·
1017 2309 1071 2366 que
1095 2296 1179 2351 lilium
1204 2296 1230 2352 in
1251 2296 1419 2367 impietatem
1441 2311 1501 2366 quae
1517 2303 1581 2351 tunc
1595 2295 1711 2366 vigebat,
1731 2295 1813 2352 brisso

166 2389 216 2444 bos
225 2388 276 2456 eis,
291 2395 319 2445 et
330 2403 498 2459 nequaquam
507 2387 596 2444 diuina
609 2388 813 2459 longanimitate
823 2390 965 2460 correptis,
1018 2387 1181 2455 demersum,
1196 2389 1300 2460 expulit
1317 2404 1379 2445 eum
1393 2403 1441 2445 soa
1456 2389 1548 2453 domo,
1564 2397 1592 2444 ct
1610 2403 1703 2444 coram
1725 2388 1812 2443 omui-

165 2481 299 2537 maximos
313 2482 401 2552 primo
415 2489 586 2538 terremotus
606 2490 648 2537 est
668 2481 763 2537 lactus.
789 2480 822 2536 Et
845 2481 967 2553 quisquis
1017 2479 1068 2535 bus
1079 2478 1224 2535 abdicarit.
1238 2478 1290 2548 Qui
1304 2479 1331 2534 io
1346 2479 1442 2535 niciam
1463 2479 1579 2536 civitatis
1593 2479 1689 2535 itinere
1702 2492 1812 2548 aggres-

166 2585 221 2626 aou
249 2569 337 2625 iuerat
362 2571 497 2641 mysteriis
520 2569 615 2627 divinis
643 2572 770 2637 imbutus,
794 2573 968 2627 uehementer
1019 2583 1065 2625 sos
1080 2568 1282 2641 imperatorem,
1296 2583 1373 2626 suam
1388 2568 1557 2626 voluntatem
1572 2577 1600 2626 et
1613 2569 1812 2625 abdicationem

167 2662 277 2716 attritus
290 2670 341 2715 est.
356 2660 423 2716 Cum
438 2677 503 2717 vero
513 2677 601 2733 neque
615 2662 667 2717 hoo
679 2669 845 2717 terrerentur
857 2660 966 2727 indicio,
1019 2663 1106 2733 patris
1119 2664 1244 2720 innotuit.
1260 2664 1296 2719 ht
1307 2664 1353 2722 ille
1362 2665 1502 2736 quiescere
1513 2665 1639 2736 juvenem
1659 2665 1811 2737 imperarit,

171 2748 241 2819 ignis
254 2765 288 2805 ex
308 2748 562 2821 fundamentisque
584 2749 795 2807 suffodiebantur
814 2752 966 2821 egrediens,
1019 2754 1178 2825 placandum
1193 2756 1353 2825 promittens
1367 2765 1482 2828 patrem.
1506 2755 1629 2828 Cumque
1648 2758 1768 2812 uenisset
1785 2757 1812 2812 io

167 2840 298 2912 plurimos
322 2840 479 2897 fodientium
492 2842 686 2907 concremarit,
711 2842 826 2898 aliorum
845 2845 967 2900 membra
1020 2845 1155 2911 lleroeam,
1170 2846 1277 2902 nobiles
1291 2856 1319 2903 et
1340 2847 1489 2904 honoratos
1505 2848 1664 2905 conuocauit
1685 2848 1720 2904 ad
1733 2863 1812 2919 pran-

166 2930 297 2987 dissolnit.
312 2930 397 2987 Nocte
415 2946 524 3003 quoqne
547 2932 670 3005 plurimis
695 2933 722 2989 io
748 2934 836 2989 vicina
862 2935 968 3006 porticu
1020 2936 1094 2991 dium
1109 2954 1116 2991 ι
1132 2937 1203 2991 iuter
1215 2952 1284 3006 quos
1298 2946 1357 2993 erat
1370 2947 1397 2993 et
1411 2936 1490 3008 lntjos
1503 2946 1590 3008 pater,
1606 2953 1686 3008 quom
1705 2953 1765 2993 cour
1782 2934 1812 2989 ll-

166 3022 373 3091 dormientibus,
388 3023 488 3079 cadens
501 3025 591 3080 subito
601 3039 662 3080 cum
679 3033 752 3081 tecto
762 3026 820 3096 ipsa
832 3026 965 3096 porticus,
1021 3027 1057 3082 lio
1072 3027 1099 3080 in
1120 3041 1170 3081 suo
1184 3027 1318 3097 prandere
1329 3027 1409 3096 jussit
1422 3027 1556 3083 accubitu.
1572 3026 1648 3082 'lunc
1662 3027 1733 3082 circa
1754 3041 1812 3081 mc·

166 3111 333 3169 dormientes
350 3115 495 3185 oppressit.
519 3114 578 3170 blia
590 3130 656 3171 vcro
669 3115 714 3172 die
728 3116 754 3172 io
776 3117 846 3174 coelo
860 3118 1002 3194 signtmc
1019 3116 1077 3172 dias
1099 3116 1194 3187 epulas
1211 3116 1279 3171 dixit
1299 3117 1333 3172 ad
1356 3115 1554 3188 patrem:1lon
1573 3117 1639 3171 milri
1652 3115 1759 3172 uidetur
1769 3116 1813 3186 ju·

167 3204 313 3276 splendens
334 3206 421 3261 crucis
441 3207 567 3264 salutaris
580 3208 716 3279 apparuit.
742 3207 796 3264 Sed
819 3210 901 3265 etiam
916 3209 964 3265 Ju-
1016 3214 1088 3264 stum
1112 3206 1167 3261 rim
1181 3204 1269 3263 lacere
1291 3207 1423 3262 volontati
1445 3207 1570 3263 adalind
1593 3206 1753 3273 declinandi,
1777 3217 1807 3262 et

168 3294 288 3350 oacrum
304 3301 393 3350 vestes
410 3295 499 3351 crocis
520 3296 661 3366 signaculo
682 3306 747 3353 sunt
769 3298 895 3368 implete,
912 3315 966 3355 noo
1016 3300 1137 3355 animum
1151 3298 1186 3354 ad
1206 3298 1259 3354 alia
1281 3308 1387 3355 mutare
1401 3314 1461 3370 qntc
1483 3313 1537 3354 non
1556 3298 1622 3354 vult.
1637 3297 1698 3355 Noli
1721 3300 1812 3368 itaque

170 3392 261 3439 tamen
275 3384 440 3456 splendenti,
455 3385 502 3442 sed
518 3386 594 3457 mgro
605 3387 697 3444 colore
709 3387 829 3457 signate.
843 3387 905 3444 lime
916 3388 972 3444 ita·.
1016 3405 1078 3447 esse
1104 3389 1159 3445 lilio
1183 3389 1327 3455 violentus,
1350 3390 1428 3458 sequi
1449 3396 1495 3443 tua
1517 3386 1642 3457 dogmata
1666 3389 1813 3460 respuenti.

170 3493 223 3548 que
246 3478 294 3534 liei
319 3478 435 3536 rebelles
457 3479 672 3550 considerantes,
699 3490 728 3536 et
750 3480 840 3536 divina
862 3478 965 3550 llugclla
1017 3482 1111 3552 Neque
1125 3482 1199 3539 enim
1213 3494 1264 3551 ego
1280 3481 1327 3537 tihi
1347 3481 1401 3535 rim
1416 3479 1485 3535 facio
1499 3495 1559 3536 mea
1580 3480 1667 3549 sequi,
1681 3478 1746 3535 licet
1764 3494 1813 3535 eo·

169 3569 421 3635 contremiscentes,
433 3570 466 3624 ad
477 3571 588 3641 propria
599 3579 661 3626 sunt
674 3572 967 3629 reversizcoulitentes
1018 3588 1083 3644 gere
1106 3571 1184 3628 valde
1208 3572 1319 3644 possim.
1347 3570 1395 3627 llle
1417 3585 1526 3627 causam
1555 3570 1652 3625 divium
1674 3569 1814 3638 religionis

170 3671 231 3713 esse
243 3657 330 3715 licum
344 3661 389 3730 qui
402 3660 436 3716 ab
450 3675 544 3716 eorum
555 3662 771 3733 progenitoribus
785 3663 857 3732 ligno
867 3665 965 3735 proha·

171 3757 216 3803 tur
234 3765 379 3822 appensus.
399 3752 477 3820 Quod
502 3752 615 3808 audiens
635 3751 769 3822 lulianus,
792 3755 857 3809 dum
875 3754 966 3825 ntique

170 3849 315 3897 caneretur
338 3842 372 3898 ab
398 3843 532 3911 omnibns,
557 3851 685 3916 tanquant
710 3842 814 3899 Pharao
843 3844 966 3899 indurato

171 3932 253 3988 corde
277 3949 330 3989 non
354 3934 455 3990 timuit.
481 3934 690 4002 Tnsononcrus,
716 3936 761 3990 lih.
785 3951 823 4004 ιιι,
838 3952 897 4006 cap.
919 3935 966 3993 li.

170 4020 243 4077 lt'rir't.
256 4023 351 4079 Christ.
374 4024 463 4081 Voles.
475 4041 535 4096 cop.
551 4024 597 4091 ΞΟ,
612 4044 639 4099 p.
654 4024 716 4081 ΗΞ.

404 4178 487 4252 298
501 4177 617 4236 CAPUT
636 4178 727 4239 xttv.

171 4264 211 4321 De
220 4267 286 4323 hello
297 4267 413 4339 Persico,
428 4280 453 4326 et
465 4273 592 4341 quomodo
603 4272 725 4331 Iohanne
733 4275 799 4337 illoc
812 4280 964 4349 perrexerit.

1019 3673 1111 3722 mente
1130 3665 1301 3737 percipiens:
1314 3663 1352 3719 lle
1375 3663 1438 3729 isto,
1455 3662 1552 3732 inquit,
1564 3677 1582 3717 o
1593 3663 1751 3730 imperator,
1768 3675 1815 3715 er·

1020 3771 1105 3813 ronco
1120 3756 1197 3822 dicis,
1219 3763 1248 3812 et
1267 3754 1324 3810 Deo
1346 3753 1449 3821 odibili,
1470 3763 1499 3811 et
1520 3754 1627 3810 veritati
1639 3760 1816 3825 praeponente

1017 3846 1198 3902 mendacium.
1213 3844 1281 3903 Tum
1295 3847 1341 3902 ille
1359 3860 1452 3902 rursus
1471 3843 1687 3903 mansuetudinis
1701 3842 1814 3899 induens

1017 3935 1121 3991 uultum
1144 3952 1151 3989 ε
1172 3934 1277 4004 Cossa,
1304 3936 1410 4011 inquit,
1437 3934 1589 3991 detrahere.
1618 3931 1652 3987 Et
1676 3932 1814 3990 declinans

1018 4027 1052 4083 ah
1075 4042 1109 4084 eo
1134 4027 1248 4095 tultum,
1278 4026 1443 4083 adolescenti
1471 4025 1539 4082 dixit
1554 4043 1561 4080 :
1576 4023 1632 4094 Ego
1656 4024 1694 4079 lui
1721 4039 1813 4079 coram

1017 4119 1105 4175 habeo
1123 4120 1272 4190 :quoniam
1304 4119 1375 4191 patri
1400 4126 1464 4188 tuo,
1497 4126 1527 4174 ut
1558 4117 1612 4173 hcc
1637 4116 1719 4172 iaciat
1748 4132 1813 4174 sua·

1016 4208 1083 4265 dere
1096 4224 1150 4265 non
1165 4224 1285 4281 possum.
1300 4207 1364 4266 llaec
1377 4209 1469 4281 itaque
1480 4224 1534 4266 non
1545 4207 1643 4264 trustra
1657 4208 1746 4274 retuli,
1764 4208 1810 4264 sod

1016 4301 1111 4358 uolens
1126 4303 1270 4359 ostendere
1284 4317 1338 4358 non
1352 4302 1439 4359 solum
1454 4302 1525 4357 illius
1538 4300 1667 4356 mirabilis
1681 4300 1731 4356 viri
1747 4299 1814 4355 bdu-

206 4380 288 4452 igitur
310 4382 374 4439 door
402 4384 491 4443 Persae
511 4394 647 4444 mortuum
670 4390 861 4460 cognovissent
884 4391 967 4450 luisse
1017 4393 1104 4460 ciam;
1119 4395 1167 4451 sed
1181 4395 1309 4465 quoniam
1330 4403 1486 4466 contempta
1499 4393 1596 4451 iuliani
1611 4409 1628 4449 a
1642 4394 1765 4467 plurimis
1778 4394 1814 4449 sit

170 4472 368 4543 Constantium,
382 4484 461 4549 capta
472 4477 566 4534 lldocia
579 4490 713 4537 venerunt
726 4482 760 4537 ad
771 4483 900 4540 terminos
911 4482 966 4540 llo·
980 4515 1004 4573 D
1017 4497 1148 4559 potestas.
1164 4487 1372 4558 Turononnrns,
1387 4486 1434 4544 iil.
1449 4504 1478 4544 ur
1487 4505 1555 4561 ,cap
1572 4486 1615 4542 l8.
1629 4486 1703 4542 Edit.
1715 4486 1812 4542 (luist.

171 4578 323 4629 manorum,
338 4567 527 4625 denuntiantes
545 4568 656 4629 bellom.
671 4570 712 4629 Ob
724 4587 806 4643 quarn
822 4589 889 4641 rem,
906 4575 965 4631 col·
1024 4580 1112 4638 Voles.
1128 4598 1187 4654 cap.
1203 4581 1247 4649 ᾗ,
1262 4601 1290 4653 p.
1307 4581 1368 4636 lli.
1381 4581 1454 4637 -lu
1469 4581 1611 4638 Antiochia
1632 4595 1748 4651 iramque
1771 4581 1814 4633 rir

170 4655 242 4711 lecto
255 4658 387 4724 exercito,
401 4658 523 4716 Julianus
536 4661 609 4718 misit
622 4662 649 4718 in
660 4662 803 4736 Delphum,
819 4673 847 4721 et
858 4665 964 4734 Delum,
1019 4673 1127 4743 quidam
1150 4674 1278 4743 optimos,
1306 4674 1467 4744 paedagogus
1486 4673 1712 4737 adolescentium,
1736 4671 1814 4727 habi-

171 4754 252 4816 atque
267 4746 415 4817 liudonem,
438 4750 472 4805 ad
493 4753 667 4823 percipienda
686 4770 827 4828 respousa,
842 4757 865 4812 si
883 4771 966 4829 erpe-

170 4836 241 4892 diret
260 4837 285 4893 ei
299 4837 367 4894 hella
382 4841 532 4911 suscipere.
554 4839 631 4899 Turne
645 4844 763 4902 universi
778 4853 854 4901 vates
867 4854 896 4902 et
914 4863 965 4917 pu·

170 4927 268 4995 guandi
279 4926 405 4985 lidociam
418 4930 529 5002 dabant,
550 4941 579 4989 et
602 4934 742 4990 uictoriam
759 4935 963 5006 promittebant.

173 5015 260 5072 Unum
276 5035 342 5074 vero
356 5036 516 5092 responsum
531 5038 580 5094 pro
594 5023 719 5094 exemplo
731 5025 863 5081 mendacii
877 5041 910 5082 ac
924 5042 967 5082 se·

171 5106 306 5164 ductionis
318 5109 437 5166 inserere
450 5127 504 5166 non
526 5112 643 5182 pigebit;
658 5122 700 5168 est
713 5114 784 5169 enirn
795 5115 966 5184 hujusmodi:

170 5198 247 5255 Nrrnc
271 5216 365 5257 omnes
389 5204 561 5272 aggredimur
571 5205 619 5272 dii,
640 5206 760 5263 victorine
781 5215 881 5276 tropea
902 5210 967 5264 rele

171 5296 262 5345 rcutes
273 5291 343 5345 circa
356 5289 465 5347 fluuium
481 5293 591 5350 Thiren.
609 5294 711 5352 llorum
724 5312 774 5367 ego
786 5300 840 5353 dux
850 5315 898 5355 ero
909 5301 967 5355 bel-

171 5378 299 5451 ligerator
322 5382 402 5441 llnrs.
420 5384 521 5442 llorum
544 5389 634 5459 itaque
653 5393 802 5447 carminum
823 5393 965 5450 ridiculum

170 5484 217 5526 cos
242 5474 369 5528 conuenit
396 5474 546 5548 divulgare,
572 5483 616 5551 qiu
643 5482 801 5539 rationalem
827 5485 964 5542 domiuum

171 5559 359 5635 hlusarumquc
375 5568 521 5639 principem
536 5570 660 5643 Pythium
675 5583 782 5629 uocant.
800 5574 856 5644 Ego
875 5586 965 5633 aretem

171 5654 340 5709 mendacium
364 5660 530 5717 seductionis
557 5662 615 5731 ujus
649 5663 787 5720 inveniens
808 5666 964 5734 ingemisco.

171 5737 272 5798 Thircn
301 5762 417 5819 namque
441 5750 549 5809 liutium
577 5754 676 5827 Tigrim
702 5757 787 5812 noluit
806 5758 964 5829 appodiare:

1018 4764 1103 4819 tabat.
1129 4763 1248 4834 Eratque
1261 4764 1315 4821 illic
1331 4760 1525 4822 famosissimus
1538 4764 1658 4836 sophista
1676 4763 1812 4827 hinnulus,

1019 4854 1126 4926 impios,
1138 4866 1353 4927 exspectansque
1366 4854 1464 4911 loliani
1475 4856 1628 4924 uictoriam,
1643 4855 1748 4911 habeus
1759 4868 1815 4923 pne

1019 4945 1105 5001 oculis
1129 4947 1188 5016 ejus
1212 4946 1308 5003 tuirtas.
1331 4944 1401 5015 Ergo
1426 4946 1602 5025 interrogarit
1624 4945 1813 5015 pedagogum,

1018 5034 1095 5103 quasi
1118 5045 1238 5091 nostram
1252 5035 1400 5090 deridendo
1414 5034 1572 5103 religionem
1594 5053 1601 5091 :
1623 5034 1700 5089 Nunc
1715 5032 1811 5103 inquit,

1018 5125 1086 5181 labri
1103 5126 1171 5181 lilius
1184 5127 1247 5196 quid
1262 5136 1341 5197 putas
1351 5126 1423 5195 agit?
1437 5128 1471 5181 tt
1484 5127 1541 5190 ille,
1555 5126 1628 5195 quod
1643 5132 1704 5195 post
1718 5123 1814 5194 paolo·

1018 5215 1074 5273 lum
1095 5216 1222 5284 contigit,
1246 5216 1366 5286 repletus
1382 5218 1468 5286 gratis
1490 5217 1579 5273 diviua
1600 5214 1736 5287 predixit
1760 5213 1814 5268 lle·

1018 5305 1125 5376 spondit
1138 5308 1209 5361 eninr
1223 5325 1229 5361 :
1241 5307 1405 5376 Osoplrista,
1419 5306 1534 5364 Creator
1545 5306 1674 5369 omniurn,
1690 5319 1770 5374 quern
1784 5310 1814 5358 tn

1017 5396 1084 5452 labri
1107 5397 1191 5452 lilium
1212 5399 1373 5462 nominasti,
1399 5398 1516 5454 loculum
1539 5398 1684 5468 sepultorae
1707 5395 1813 5451 loliano

1016 5490 1166 5561 corripuit.
1183 5489 1249 5547 Post
1269 5506 1370 5563 paucos
1383 5507 1449 5547 vcro
1462 5491 1520 5549 dics
1533 5505 1605 5547 mors
1620 5490 1691 5545 illins
1705 5487 1813 5544 nuntia-

1018 5589 1062 5636 tur
1074 5582 1197 5649 erronei,
1215 5591 1243 5636 ct
1258 5583 1284 5637 in
1297 5581 1386 5638 loculo
1402 5582 1514 5652 positus,
1531 5590 1559 5636 et
1573 5579 1712 5647 adtectus,
1727 5578 1812 5632 rniua·

1018 5686 1131 5742 rumque
1145 5681 1251 5727 ttrrrrore
1265 5682 1410 5728 evacuatos
1423 5680 1474 5729 cst.
1489 5660 1698 5732 inconcussus,
1712 5668 1757 5723 lid.
1773 5680 1813 5733 nr,

1019 5777 1075 5832 erup.
1094 5761 1138 5817 lh.
1156 5761 1226 5816 linit
1245 5762 1339 5846 Cltrr'al.
1361 5760 1448 5817 Voles.
1466 5778 1522 5834 top.
1539 5760 1585 5833 23,
1603 5777 1630 5831 p.
1647 5758 1710 5815 tlh.
