4059 6184
114 300 169 361 dii
808 307 1076 370 mochenheim
1708 327 1761 385 tt!

112 412 625 500 odoacrevibsedoriciaetecessore,
648 419 702 479 hoe
725 430 768 481 est
785 432 850 481 aeta
871 440 916 481 au.
930 431 956 492 Α
968 441 1026 483 noe
1049 429 1282 498 perturbationem
1303 446 1396 490 mum
1412 432 1447 490 ad
1463 434 1610 506 proclivem
1634 436 1759 496 vitiorum

112 488 281 558 t93,glerre
291 501 346 542 uon
357 500 451 567 perum
468 489 520 572 siba
531 491 916 563 cempamsseCassiedorum,
969 498 1041 552 emm
1056 513 1118 555 cum
1131 502 1255 574 rapuisse
1269 502 1416 560 meridiana
1434 503 1495 562 luce
1513 506 1612 563 clarius
1631 509 1758 567 innotuit.

113 574 201 640 quem
212 564 319 637 constat
331 564 467 641 comitisa>
480 569 656 642 prmatarum,
671 572 700 618 et
711 578 849 620 sacrarum
864 566 918 621 lar·
1003 566 1118 638 Sapiens
1131 572 1276 628 admodum
1293 574 1430 642 dignitatis
1447 577 1545 647 prieris
1562 578 1761 637 administratio

113 639 251 699 grtrornmr
275 625 302 681 ud
325 632 456 699 temperis
476 644 593 700 gessisse
611 633 764 705 dignitates.
780 635 869 692 Athis
883 634 917 691 lb
968 638 1080 705 gradmn
1096 641 1129 695 ad
1142 642 1260 712 maiores
1271 642 1363 725 juveni
1377 652 1471 701 nestro
1482 645 1554 703 lecit.
1570 647 1663 719 ltaque
1673 649 1760 705 cemi-

114 713 253 780 aunorum
276 695 477 780 adolescentem
497 703 627 786 imparem
648 719 802 761 esseuemo
816 706 917 775 estqui
969 715 1024 762 tene
1048 723 1187 767 sacrarum
1210 713 1382 784 largitionum
1409 716 1525 772 instituit
1549 733 1612 773 euru
1638 717 1762 776 Odoacer

114 776 167 822 eat
178 767 295 828 tubuas:
314 781 393 851 cupos
407 778 463 824 tum
469 780 559 853 astaus
570 782 629 828 erut
637 774 823 856 Cassiodorus,
836 776 859 831 si
872 791 918 831 su·
967 776 1049 902 gor.
1061 779 1106 833 lii.
1119 797 1138 847 r,
1150 800 1191 853 cp.
1206 782 1234 854 i)
1247 801 1253 836 :
1267 799 1321 855 qne
1332 799 1444 842 mutere
1455 785 1534 843 dorsis
1548 788 1630 859 regiis
1642 790 1760 858 largien-

115 852 171 963 ᾖξε
193 848 352 919 memoratis
371 843 527 898 auctoribus
545 853 734 900 amentiamur.
759 843 831 912 eote
845 844 917 916 qued
988 848 1021 912 ἐ,
1035 859 1150 909 ntenetac
1162 853 1304 918 cudendae,
1325 855 1398 911 ouini
1416 858 1612 925 negotiatorum
1627 874 1762 914 commer-

161 923 252 964 rumus
266 909 301 965 ad
314 925 360 966 au.
376 909 477 966 Christi
492 910 545 967 tae
564 914 597 971 iis
610 915 781 970 senatoribus
794 930 856 971 eum
868 930 916 970 an·
967 917 1011 973 cio
1028 924 1220 989 promovendo,
1237 922 1332 978 ciliciis
1346 939 1379 980 ac
1397 924 1573 994 dignitatibus
1594 928 1759 987 confirman-

115 988 256 1049 numerat,
272 997 387 1052 querum
398 982 512 1038 consilio
532 991 586 1038 eto
606 998 652 1039 era
666 985 693 1039 ie
707 986 788 1040 rebus
802 986 918 1055 politicis
968 986 1019 1055 dis,
1031 997 1139 1055 steret..
1155 994 1351 1062 praeliciehatur
1366 994 1610 1069 (transponat).
1626 997 1661 1054 Ut
1674 998 1762 1068 digni-
1832 1032 1841 1047 .

115 1049 294 1130 moderandis
311 1052 389 1107 initio
410 1054 485 1122 regui
499 1053 574 1109 Theo
594 1054 684 1110 oriens
705 1055 851 1111 utebatur?
872 1054 918 1110 ld·
968 1064 1073 1122 tatum,
1100 1062 1136 1115 ita
1160 1063 1289 1119 virtutum
1317 1064 1461 1134 splendore
1489 1077 1518 1123 et
1550 1070 1647 1125 merito
1674 1069 1763 1125 creuit

114 1133 195 1176 curce
209 1122 399 1179 adolescentiae
421 1138 507 1178 aranos
520 1134 584 1182 tune
607 1124 755 1181 excessisse
773 1124 919 1182 Cassiodo·
967 1126 1101 1194 Senatum
1126 1147 1211 1201 eaque
1231 1132 1280 1188 luit
1301 1135 1360 1203 ejus
1383 1136 1409 1189 ie
1433 1136 1486 1193 herc
1507 1140 1626 1207 gerendo
1648 1153 1761 1195 munere

115 1204 181 1248 rum
195 1193 328 1248 fateamur
337 1208 446 1249 necesse
459 1203 510 1249 est.
968 1199 1083 1268 equitas
1096 1203 1190 1268 animi,
1204 1220 1237 1259 ea
1251 1206 1416 1272 mmieratiu,
1432 1216 1462 1263 ut
1479 1223 1535 1263 suae
1551 1208 1637 1265 laudis
1658 1225 1762 1280 praeco-

159 1262 255 1336 gild.
272 1260 328 1326 Quo
342 1280 412 1320 anau
438 1264 609 1321 Cassiodorus
636 1275 722 1320 emtas.
750 1264 828 1332 Quod
851 1281 917 1321 rere
968 1283 1030 1323 nern
1046 1262 1171 1326 habuerit
1186 1275 1271 1344 ipsum
1292 1273 1502 1346 Theodericum,
1524 1280 1600 1347 cujus
1613 1279 1671 1335 hsec
1690 1294 1761 1349 prae·

116 1333 273 1405 spectatam
288 1348 388 1388 aueum
401 1349 455 1415 que
470 1344 549 1390 uatus
560 1336 685 1403 est,certi
700 1336 766 1391 nihil
777 1346 918 1392 astruxere
967 1337 1043 1393 clara
1058 1342 1139 1396 verba
1152 1353 1214 1398 sunt
1225 1343 1350 1415 (ibidem)
1362 1364 1369 1397 :
1383 1345 1433 1410 Qui
1445 1364 1507 1402 mos
1521 1349 1614 1403 ddade
1625 1364 1762 1404 teramum

117 1403 219 1474 reliqui
243 1411 369 1459 suctores
394 1420 440 1473 qut
454 1404 487 1460 de
507 1422 541 1461 ee
560 1408 736 1475 scripserunt.
753 1405 917 1461 Trithemius
968 1408 1136 1478 turpilianum
1147 1425 1391 1486 nmaeremsrepto,
1406 1419 1487 1471 creuit
1502 1428 1603 1473 tontum
1622 1436 1761 1474 corrueran-

115 1475 239 1544 quidem,
259 1474 369 1535 Claruit,
385 1475 488 1544 inquit,
503 1492 587 1532 uanos
601 1476 699 1531 itabens
714 1477 849 1547 piusquam
870 1476 916 1543 tts',
968 1480 1046 1533 tionis
1060 1481 1151 1546 tende,
1165 1495 1289 1555 quonlam
1307 1490 1453 1557 profecerat
1466 1486 1600 1558 dignitate.
1618 1488 1686 1553 Quid
1699 1505 1761 1560 pre·

115 1561 192 1600 orno
206 1544 311 1600 Domini
330 1543 394 1600 575.
408 1544 507 1600 Verum
522 1545 587 1616 qnid
613 1555 741 1603 constans
755 1557 803 1601 aut
821 1546 917 1602 mahiie
970 1547 1062 1603 ciariis
1075 1553 1204 1609 redditum
1224 1556 1408 1626 disciplinam?
1427 1555 1496 1621 Quid
1510 1559 1610 1613 diocrsu
1630 1560 1762 1614 leoninum

116 1615 233 1685 colligas
243 1630 277 1672 ex
292 1615 342 1671 bac
356 1615 487 1685 particula
500 1618 657 1688 plusquam?
672 1616 804 1672 ilarenius
818 1628 846 1670 et
857 1617 918 1687 qui·
967 1621 1057 1689 perere·
1071 1633 1201 1677 momento
1210 1625 1321 1696 justitie
1334 1629 1423 1697 insum
1436 1629 1597 1699 reseramus?
1611 1628 1683 1684 Vicit
1692 1631 1761 1683 enim

115 1685 183 1739 dam
197 1687 243 1741 alii
256 1701 312 1741 rem
326 1686 400 1741 taciti
419 1689 658 1755 pretermiserunt,
673 1687 745 1756 quod
760 1686 826 1742 nibil
838 1689 872 1742 de
884 1701 916 1742 ea
968 1696 1043 1742 tantu
1054 1693 1229 1763 contineatis,
1244 1706 1272 1749 at
1289 1697 1436 1770 equitatem
1450 1708 1476 1753 et
1488 1699 1626 1754 instrueret
1639 1700 1761 1766 monitis,

114 1754 227 1810 definiri
238 1770 317 1826 posse
336 1755 496 1825 judicaretis
520 1756 655 1813 Hactenus
673 1755 796 1813 adductae
820 1765 915 1812 cetrtra
968 1767 994 1811 et
1008 1759 1110 1816 doceret
1125 1766 1257 1836 exemplis.

116 1826 235 1894 primam
249 1825 403 1907 opinionem
421 1827 551 1908 rationes,
572 1842 622 1883 aec
637 1842 691 1882 non
705 1837 733 1881 et
746 1842 778 1909 ea
798 1842 862 1909 qum·
871 1811 953 1882 diss
1003 1828 1068 1901 §ih
1090 1831 1159 1897 Quid
1186 1837 1267 1906 sperit
1294 1835 1465 1895 Cassiodorus
1508 1849 1548 1894 ost
1572 1847 1721 1922 mperatum
1744 1856 1763 1894 a

115 1905 218 1951 centur
230 1898 256 1951 in
270 1911 340 1952 serre
354 1896 433 1964 huius
452 1900 571 1952 historiae
584 1897 824 1953 videnturcltrcere
839 1911 913 1965 vuge-
966 1896 1127 1958 Theoderico
1140 1903 1296 1961 Odoacrem.
1312 1907 1368 1962 Nee
1382 1917 1471 1963 tamen
1487 1856 1531 1965 iiic
1549 1918 1623 1964 stetit
1638 1910 1761 1965 laudabi-

115 1968 219 2021 simum
236 1967 345 2021 tertium
359 1967 468 2021 circiter
482 1976 530 2022 aut
543 1968 699 2037 vigesimum
712 1978 836 2036 quartum
846 1971 913 2023 aeta·
965 1970 999 2023 lis
1012 1971 1201 2029 adolescentie
1216 1977 1314 2039 virtus.
1331 1978 1445 2047 puhlicis
1459 1980 1614 2035 muneribus
1625 1979 1681 2048 jam
1695 1995 1763 2035 con-

115 2038 155 2091 tis
181 2053 281 2093 anuum
302 2037 423 2104 attigisse
450 2035 639 2094 Cassiodorum
666 2038 743 2094 initio
776 2039 914 2107 reguardis
964 2050 1081 2095 secreta.
1103 2042 1160 2099 Sub
1184 2045 1265 2101 linem
1288 2047 1360 2101 euim
1383 2051 1520 2116 regnantis
1544 2047 1676 2105 Odoacris
1699 2065 1761 2104 eam

117 2106 292 2172 Theoderici,
307 2122 379 2162 anuo
393 2106 519 2163 videlicet
531 2108 595 2163 tato.
609 2107 675 2163 Cum
688 2124 750 2164 eum
784 2109 914 2164 amsertire
964 2111 1114 2179 prudentiae
1127 2114 1234 2170 lautlem
1249 2116 1275 2170 in
1290 2118 1372 2173 rebus
1386 2119 1497 2185 agendis
1509 2128 1550 2174 est
1564 2128 1720 2184 commuta,
1731 2128 1762 2174 ut

116 2192 164 2233 res
187 2191 300 2247 magnas
320 2178 348 2231 ie
369 2178 457 2247 prime
476 2179 563 2234 etatis
584 2178 651 2233 llere
669 2180 720 2233 suh
730 2123 914 2250 Otiracrepa·
965 2179 1136 2248 politicorum
1151 2186 1357 2254 sapientissimis
1369 2189 1674 2245 aeternumadmiraedm
1683 2189 1761 2258 juxta

115 2257 207 2303 trasse
222 2249 385 2313 constiterit,
396 2248 762 2318 testeturqueTheodorices
777 2249 851 2304 iilum
863 2249 913 2302 ad·
964 2257 993 2303 et
1016 2250 1196 2319 predicanda
1213 2257 1352 2325 sapientior
1375 2272 1483 2312 causam
1505 2258 1620 2314 suliicint
1637 2260 1761 2329 aequissi-

114 2317 171 2374 huc
189 2319 316 2400 juvenem
328 2319 355 2372 in
369 2318 458 2373 aulam
472 2334 560 2386 suam,
573 2319 709 2374 exstincto
720 2318 843 2374 Odoacre
856 2328 912 2374 sta·
964 2334 1046 2372 araret.
1059 2319 1136 2378 huno
1149 2324 1250 2394 quippe
1263 2325 1368 2381 Domini
1381 2326 1434 2381 lid
1448 2326 1585 2397 ingressus
1605 2329 1633 2383 in
1655 2329 1761 2384 italiam

114 2387 168 2442 tim
189 2404 198 2441 ι
237 2403 350 2452 ressum,
366 2387 492 2456 imposita
507 2389 665 2457 dignitatum
681 2404 762 2444 onera
790 2387 913 2444 laudabi·
965 2387 1150 2447 Theudoricus
1164 2395 1353 2451 uteeitceutrn
1367 2394 1516 2453 Odoacrem
1531 2414 1564 2454 ee
1574 2414 1714 2460 successu,
1729 2407 1760 2453 ut

115 2457 183 2515 liter
197 2474 213 2513 a
235 2459 411 2513 ministrasse.
425 2457 500 2515 Urrde
522 2460 601 2514 liccat
614 2456 713 2514 ialerre
724 2458 913 2514 Cassiodorum
964 2460 1066 2514 rictum
1099 2462 1305 2534 redigatumque
1318 2466 1441 2534 adegerit
1455 2467 1481 2522 in
1493 2470 1586 2524 urbem
1603 2469 1760 2524 mesenam

116 2538 214 2582 uatum
229 2544 289 2584 esse
303 2528 425 2600 Scyllacii
437 2544 508 2584 anne
521 2530 689 2584 hominidei
700 2529 821 2584 euti'iu.
966 2528 1001 2583 ad
1022 2546 1070 2599 per
1082 2533 1173 2600 egium
1192 2540 1330 2591 secedere.
1353 2536 1456 2592 Castris
1478 2540 1512 2592 ad
1536 2539 1631 2593 urbem
1653 2539 1759 2605 locatis,

155 2597 230 2670 §lh
243 2598 393 2654 Cassiodori
406 2599 537 2667 educatio,
551 2616 581 2653 ue
594 2601 736 2668 dignitates
756 2616 820 2671 quus
841 2600 913 2669 ptiar
965 2609 1027 2667 post
1041 2604 1148 2657 tertium
1162 2604 1329 2661 obsessionis
1341 2622 1440 2662 annum
1456 2607 1543 2679 pactis
1561 2609 1760 2665 conditionibus

116 2670 199 2740 pessit
211 2668 258 2723 sui
270 2668 430 2723 Odoacrelu
440 2671 500 2738 ejns
514 2672 662 2725 tractabilis
673 2671 793 2740 poteritine
808 2672 914 2724 institd-
964 2671 1114 2741 supplicem
1125 2676 1244 2746 suscepit
1255 2690 1363 2744 regcm;
1380 2686 1407 2731 et
1418 2678 1444 2733 ci
1457 2694 1538 2747 quatu
1551 2679 1603 2735 sibi
1616 2680 1706 2751 parari
1726 2679 1760 2736 ab

116 2740 195 2795 tione
208 2754 272 2794 cura
287 2740 375 2795 omnis
389 2740 518 2805 exhibita,
530 2757 589 2810 quse
602 2741 680 2795 decet
692 2740 806 2809 egregias
817 2740 914 2795 nobili·
965 2738 1011 2794 illu
1024 2743 1212 2812 suspicabatur
1228 2761 1321 2801 necem
1335 2747 1435 2802 intulit.

116 2810 183 2864 tatis
206 2810 402 2865 adolescentes.
428 2810 467 2864 hd
490 2811 634 2865 militarem
660 2811 914 2881 disciplinamque
1000 2810 1070 2878 Quid
1085 2815 1190 2869 consilii
1214 2823 1271 2871 tum
1293 2819 1398 2887 cepisse
1416 2816 1609 2874 Cassiodorum
1649 2827 1709 2875 utas
1733 2819 1760 2876 iu

115 2880 250 2948 grandior
262 2888 328 2935 actas
341 2880 392 2935 rite
402 2881 545 2936 informata
559 2891 611 2945 est,
622 2896 762 2936 accessere
774 2896 915 2936 ornamen·
966 2886 1022 2935 mm
1040 2882 1163 2938 dissimili
1185 2886 1324 2957 utriusque
1344 2887 1472 2960 principis
1487 2888 1611 2944 lectuna?
1624 2834 1702 2953 gum,
1717 2889 1759 2944 im

115 2960 145 3004 ta
170 2950 410 3021 litterarumque
424 2952 551 3005 incultam
571 2951 641 3006 iltius
655 2951 828 3031 turbatissimi
844 2959 914 3006 tcm-
964 2964 1063 3076 guam,
1088 2963 1214 3010 cerneret
1240 2957 1353 3026 imperio
1377 2959 1458 3028 potiri
1481 2956 1679 3016 Theodericum
1704 2974 1759 3029 qno

115 3021 204 3092 poris.
221 3027 250 3076 et
263 3021 358 3076 aticum
381 3020 571 3076 dominationis
582 3021 733 3076 barbariem
743 3030 794 3076 etse
809 3021 914 3077 redeie·
988 3020 1114 3078 doacrem
1125 3025 1298 3094 spoiiaeemt,
1313 3026 1340 3081 iu
1352 3027 1404 3082 hae
1417 3027 1557 3084 lieetuanti
1569 3044 1659 3085 rerum
1674 3039 1759 3097 sorte,

116 3100 191 3159 rent,
206 3091 302 3147 inillis
317 3100 408 3146 minen
445 3105 598 3160 regressum
611 3107 672 3146 enrn
692 3090 763 3157 iecit,
778 3092 824 3161 qui
837 3106 913 3161 spem
986 3106 1034 3147 uas
1046 3094 1072 3147 iu
1087 3102 1178 3164 partes
1191 3110 1221 3151 se
1231 3105 1403 3153 converteret
1416 3113 1516 3181 anceps
1528 3097 1716 3163 Cassiodorus,
1732 3101 1758 3155 in

115 3178 229 3219 emnem
243 3162 409 3232 preriperet.
424 3108 479 3218 Bac
493 3162 579 3217 multo
589 3170 650 3232 pest
664 3169 718 3216 mm
729 3162 857 3232 prccclara
870 3163 913 3217 ie·
965 3106 1120 3219 iratior-um
1132 3165 1240 3221 tandem
1255 3182 1285 3222 se
1301 3167 1393 3237 plagas
1406 3176 1512 3238 recipit.
1527 3168 1565 3224 lbi
1583 3167 1675 3225 diuino
1688 3171 1758 3225 acci·

116 3233 191 3302 genii
202 3241 231 3288 et
240 3232 399 3288 eruditionis
411 3233 485 3287 dedit
495 3240 663 3302 argumenta,
678 3240 706 3285 ut
721 3232 838 3286 nobilem
852 3232 915 3288 ado
966 3232 1039 3287 disse
1050 3234 1163 3289 cerisilio
1175 3250 1236 3291 cum
1250 3237 1442 3305 intellexisset,
1456 3246 1486 3295 ut
1500 3240 1664 3310 principatus
1678 3239 1758 3295 ltalia

117 3304 268 3358 lescentem
281 3304 349 3357 intre
361 3302 511 3371 juventutis
522 3317 608 3357 antuus
624 3309 727 3356 tantum
743 3300 877 3357 facultatis
886 3310 914 3357 et
966 3301 1075 3358 cederet
1089 3303 1273 3368 Theoderico,
1286 3307 1383 3376 priuati
1398 3308 1534 3365 commodi
1548 3309 1702 3381 posthabita
1716 3325 1758 3365 ru·

116 3374 271 3443 prudentie
281 3375 407 3442 adeptum
421 3388 482 3428 curu
494 3380 620 3429 cerneret
637 3370 761 3427 Odoacer
771 3369 913 3426 Erulorum
966 3373 1051 3442 tione,
1067 3374 1228 3432 rebellantes
1239 3375 1392 3432 Siculorum
1406 3380 1512 3436 animos
1529 3380 1661 3445 coercuit,
1677 3388 1758 3451 atque

116 3460 178 3504 rex.
206 3445 290 3498 tetius
313 3443 397 3498 italice
421 3444 587 3499 dominatum
611 3456 719 3512 gerens,
741 3442 773 3496 iis
795 3442 915 3498 atiecerit
966 3449 1023 3495 tem
1044 3444 1221 3513 eloquentiae,
1244 3455 1300 3502 tum
1322 3461 1459 3502 armerum
1479 3449 1582 3505 viribus
1603 3451 1667 3504 nuri
1687 3451 1758 3519 regis

118 3515 270 3569 honoribus
281 3514 468 3639 quifmipui
490 3523 546 3567 tem
560 3513 727 3569 habebantur
746 3513 773 3566 in
789 3512 912 3581 imperio.
965 3526 1061 3580 parere
1075 3514 1166 3582 coegit
1179 3516 1308 3585 imperim
1322 3517 1416 3587 sieque
1429 3532 1459 3573 se
1472 3518 1498 3572 in
1514 3519 1603 3573 aulam
1618 3520 1701 3589 ipsius
1715 3519 1757 3573 in·

117 3585 157 3640 Ac
172 3586 272 3707 primo
285 3586 331 3654 qui
352 3600 395 3640 em
409 3585 535 3639 comitiae
555 3584 713 3654 priuatarum
736 3581 816 3664 (ior.
832 3580 877 3637 lii.
894 3598 912 3651 r,
964 3583 1099 3664 sinuavit,
1113 3585 1203 3640 oblata
1220 3586 1375 3709 provincia,
1400 3600 1460 3655 quae
1480 3589 1538 3643 sine
1561 3588 1693 3644 bellorum
1717 3586 1757 3643 in·

116 3672 159 3725 ep.
193 3668 202 3724 p
217 3659 325 3711 ornavit
336 3655 535 3724 dignitateque
548 3654 630 3709 veluti
642 3662 746 3724 parente
759 3652 867 3722 publico
881 3668 914 3709 ae
964 3656 1125 3722 comnodu,
1139 3663 1187 3709 aut
1200 3671 1217 3710 u
1230 3655 1256 3710 le
1266 3664 1373 3726 sumptu
1386 3657 1482 3712 ditioni
1495 3658 1623 3729 principis
1633 3658 1757 3715 accessit.

118 3725 241 3794 legitimo
257 3727 365 3795 praesuli
388 3725 497 3781 decreta
519 3734 578 3779 erat
592 3722 734 3780 custodia:
759 3739 793 3777 ne
805 3724 867 3792 quis
882 3738 913 3779 se
968 3740 978 3773 r
995 3722 1025 3776 in
1041 3725 1099 3791 ipse
1113 3725 1212 3796 quippe
1226 3727 1261 3781 im
1299 3727 1330 3781 rii
1344 3728 1431 3782 nostri
1445 3727 1558 3785 devotus
1572 3728 1702 3796 exordio,
1716 3729 1757 3783 in·

117 3795 306 3865 proximorum
320 3796 513 3851 commixtione
537 3795 681 3865 pollueret,
699 3808 734 3848 ne
747 3795 808 3861 quis
822 3795 914 3863 sepul·
963 3793 1023 3861 quit
1044 3794 1249 3867 Theudoricus(
1279 3812 1320 3851 ur.
1342 3794 1388 3851 iii.
1413 3812 1433 3864 t,
1455 3813 1498 3869 ep.
1522 3796 1565 3866 ὅ),
1586 3813 1648 3854 cum
1671 3799 1757 3855 adhuc

116 3880 229 3921 merum
241 3866 302 3934 iura
316 3867 444 3930 violarem
458 3876 539 3936 atque
553 3864 691 3920 etcaduca
707 3865 777 3918 berra
792 3872 820 3918 ct
833 3879 914 3933 repo-
963 3862 1156 3920 ilectuantibus
1176 3867 1259 3922 rebus
1273 3867 1473 3936 provinciarum
1488 3868 1570 3924 corda
1585 3877 1757 3938 vagarentur,

116 3936 204 3991 sidem
214 3938 333 4009 pecunia
351 3938 486 4060 regalibus
502 3935 604 3990 erariis
618 3933 817 4006 applicarentur
831 3934 911 4003 (l'ur.
964 3941 992 3987 et
1011 3935 1111 4004 negligi
1126 3951 1226 3991 novum
1247 3937 1385 3992 dominum
1406 3938 1512 3993 novitas
1531 3939 1589 4008 ipsa
1609 3945 1756 4010 pateretur,

116 4005 164 4061 tio.
179 4022 214 4071 m,
231 4010 307 4079 [urm.
322 4006 362 4079 8).
411 4021 508 4076 agnum
523 4014 597 4061 certe
608 4019 677 4060 enus
690 4020 724 4058 es
737 4005 849 4075 ephebis
867 4007 912 4059 rix
963 4004 1115 4060 Siculorum
1129 4007 1323 4076 suspicantium
1338 4014 1443 4064 mentes
1455 4009 1489 4063 ab
1499 4007 1680 4065 obstinatione
1690 4022 1755 4079 prae

116 4078 261 4132 excedenti
275 4076 438 4134 Cassiodoro
451 4076 649 4146 imponebatur.
665 4073 854 4144 imprudentiae
869 4082 911 4129 ta·
963 4074 1038 4143 cipiti
1053 4074 1175 4141 deviasti,
1192 4097 1201 4129 r
1218 4086 1271 4132 etc.

117 4163 180 4203 men
196 4163 251 4202 nou
266 4158 324 4204 erat
346 4149 495 4218 culpandus
508 4144 642 4211 Odoacar,
661 4146 708 4214 qui
722 4161 812 4200 rerum
823 4145 910 4200 maxi·
999 4144 1014 4216 ξ
1034 4143 1079 4199 xt.
1095 4144 1142 4201 Fit
1157 4144 1316 4203 Theoderico
1329 4147 1362 4202 alr
1375 4148 1493 4221 epistolis
1505 4146 1687 4205 Cassiodorus.
1702 4147 1757 4206 Ex·

116 4218 153 4271 mi
167 4219 298 4273 momenti
311 4218 428 4288 judicem
442 4219 552 4274 creabat
565 4232 627 4271 eum
643 4230 724 4284 quern
739 4223 805 4270 aetas
816 4215 850 4270 ab
865 4216 912 4270 hu-
962 4214 1043 4285 pletis
1057 4215 1207 4272 honorilice
1223 4219 1345 4288 partibus
1364 4234 1424 4289 qens
1438 4219 1487 4290 ipsi
1501 4218 1536 4273 ab
1553 4212 1678 4276 Odoacre
1692 4233 1756 4288 rege

113 4289 234 4358 Jesmudi
245 4289 391 4345 tractandis
405 4289 520 4358 negotiis
532 4300 673 4343 removere
692 4285 841 4341 videbatur.
858 4285 910 4357 ipsi
962 4284 1071 4340 creditu
1093 4284 1209 4350 luerent,
1235 4304 1297 4344 cum
1318 4298 1429 4346 strenue
1449 4304 1558 4358 quoque
1573 4304 1603 4346 se
1616 4290 1756 4359 probasset

116 4361 188 4413 etnim
205 4359 352 4414 timendum
367 4373 497 4428 nusquam
511 4358 570 4423 init,
584 4372 618 4412 ne
632 4358 658 4411 in
673 4355 790 4410 iereedis
801 4364 910 4411 scetem
962 4353 1144 4423 Theodoriee,
1160 4357 1195 4412 ab
1207 4358 1279 4413 illius
1293 4360 1378 4428 gratia
1393 4360 1426 4414 ad
1441 4358 1521 4427 hujus
1533 4360 1695 4421 antichiam,
1720 4359 1756 4414 ah

117 4429 375 4484 tiisanimiieritate
386 4427 909 4500 peccaretpraesesadolescentier,cem
961 4424 1459 4496 illiuspalatieadhujusaulamvote
1491 4429 1753 4499 rocemitehsequie.

113 4498 281 4569 juvenilibus
293 4501 369 4555 annis
383 4499 539 4569 senilisjam
553 4499 693 4553 maturitas
709 4497 910 4565 praeponderas·
964 4494 1013 4549 iiis
1032 4498 1132 4568 itaque,
1148 4498 1235 4567 pergit
1252 4497 1435 4556 Theudoricus
1450 4445 1519 4569 (iii.
1541 4515 1566 4563 r,
1581 4516 1622 4568 ep.
1644 4497 1683 4565 il,
1707 4498 1754 4554 sule

115 4578 168 4625 set.
186 4569 222 4624 ht
241 4585 273 4625 re
297 4571 403 4642 quidem
418 4571 476 4641 ipsa
491 4578 545 4624 tam
568 4570 621 4624 rite
644 4566 813 4638 perlunctum
827 4565 910 4623 luisse
924 4570 948 4631 [i
961 4567 1117 4632 procedenti
1130 4582 1189 4638 repe
1200 4569 1343 4638 qprnnusiis
1356 4571 1526 4634 exercitatas,
1541 4570 1654 4623 emeritis
1668 4570 1755 4624 luadi-

117 4651 193 4695 tanto
207 4656 320 4696 munere
339 4640 530 4696 cassiodorum
544 4639 582 4692 ait
596 4637 789 4700 Theodericus,
810 4644 839 4691 ut
853 4637 908 4692 siu·
960 4633 1007 4690 ltus
1022 4637 1057 4689 od
1070 4637 1169 4703 palatiu
1183 4649 1273 4693 austro
1347 4641 1410 4694 enit.
1425 4638 1539 4709 Excepit
1552 4654 1613 4695 enm
1627 4655 1753 4696 rescuru

114 4710 186 4779 gulis
199 4712 360 4781 prebaretur
377 4726 458 4779 sagax
482 4711 613 4766 Odoacris
632 4707 785 4778 prudentia,
799 4722 853 4776 qua
867 4705 908 4763 ie·
959 4720 994 4761 eo
1008 4708 1113 4763 honore
1132 4709 1179 4777 qui
1199 4707 1275 4778 splen
1295 4709 1337 4763 eri
1351 4711 1458 4777 generis
1478 4719 1507 4765 et
1519 4725 1587 4765 rarae
1599 4709 1691 4765 virtuti
1705 4711 1754 4766 de·

114 4782 202 4836 rende
212 4781 251 4836 illi
264 4783 340 4837 oneri
361 4797 453 4853 parem
470 4781 639 4852 judicaverat
652 4794 723 4839 eum.
739 4778 907 4851 quiquidem
958 4775 1083 4844 bebatur,
1099 4778 1300 4848 admiratusque
1313 4779 1339 4833 iu
1353 4780 1454 4848 invene
1474 4796 1536 4835 cum
1560 4781 1661 4847 ingenii
1682 4780 1753 4834 deti·

115 4851 144 4905 iu
155 4852 220 4906 titia
231 4854 390 4918 juventutis,
403 4860 458 4907 tam
471 4851 640 4921 aitoposites
651 4850 745 4918 gradu,
759 4863 813 4902 neu
826 4849 907 4904 modo
958 4846 1009 4903 hus
1024 4856 1065 4902 tot
1082 4847 1209 4917 adjuncta
1223 4849 1321 4906 deeora
1335 4854 1474 4918 virtutum,
1489 4852 1524 4906 ab
1542 4851 1664 4920 epistulis
1678 4850 1753 4904 ilium

115 4937 170 4976 neu
177 4924 280 4977 corruit
295 4922 520 4993 praecipitilapsu,
531 4921 577 4978 sed
591 4922 672 4975 etiam
686 4934 779 4975 earum
792 4932 853 4987 quae
864 4918 907 4973 sel
959 4931 1020 4973 esse
1041 4918 1092 4974 sibi
1109 4919 1205 4974 uoluit.
1220 4918 1306 4989 Hujus
1318 4922 1427 4990 quidem
1447 4921 1567 4976 muneris
1581 4922 1666 4990 prima
1677 4918 1751 4974 rudi·

114 4992 182 5060 ipsis
202 4992 454 5048 senibusiuridiam
469 4993 596 5054 lacerent,
612 4990 740 5045 virtutum
763 4989 908 5058 splendore
959 4999 1051 5043 menta
1071 4990 1163 5071 posuit
1181 4999 1292 5046 senator
1311 4989 1534 5054 iacurrdissimus,
1547 4990 1575 5044 in
1589 4990 1686 5045 litteris
1699 4989 1752 5045 illis

113 5062 224 5117 claruit.
257 5061 386 5118 «Primus
407 5064 496 5126 enim,
512 5071 543 5118 ut
564 5062 639 5117 scitis
655 5060 703 5131 (ita
723 5057 908 5115 Theodericus
960 5056 1168 5125 elegantissimis
1180 5075 1248 5131 quas
1260 5059 1295 5115 ad
1316 5059 1487 5116 Anastasium
1501 5061 1690 5129 imperatorem
1710 5060 1752 5114 di=

112 5131 186 5206 [tto.
198 5131 313 5203 arpii)
327 5133 564 5188 administrationis
575 5132 699 5187 introitus
711 5130 843 5184 comitium
857 5130 910 5198 pri·
960 5129 1033 5183 rexit
1052 5145 1112 5195 rex,
1138 5139 1167 5185 ut
1190 5145 1285 5200 pacem
1306 5146 1387 5201 qnam
1411 5131 1522 5213 petebat
1538 5131 1572 5183 ab
1591 5144 1624 5184 ee
1648 5128 1752 5185 laciiius

110 5211 240 5258 vaurum
252 5205 324 5258 mule
334 5202 461 5259 laudatus
473 5210 515 5257 est
527 5221 534 5257 :
546 5203 590 5257 ubi
604 5218 658 5257 uon
671 5199 856 5255 tirociniumm
870 5198 909 5254 in·
961 5198 1134 5269 impetraret,
1149 5198 1226 5268 cttjus
1244 5211 1300 5254 tum
1319 5201 1465 5256 amicitiam
1483 5198 1645 5255 stabiliendo
1666 5214 1751 5269 reguo

112 5272 244 5327 breuitate
259 5273 387 5339 titubans,
401 5273 530 5329 ueritatis
543 5272 619 5337 vitio,
635 5271 676 5326 tel
692 5271 851 5326 innocenter
863 5285 908 5323 er·
958 5285 1010 5326 suo
1026 5286 1043 5322 e
1082 5271 1279 5325 ertunissimam
1293 5268 1438 5338 iudicabat.
1644 5306 1648 5315 -

110 5344 208 5409 ravit3
232 5342 282 5398 sed
305 5343 473 5399 abstinentiae
490 5344 601 5398 ,lirmato
624 5341 754 5410 vestigio,
775 5338 905 5395 imitando
996 5338 1010 5411 5
1027 5285 1083 5393 xii.
1100 5339 1251 5410 Principum
1264 5340 1421 5394 Amorromm
1431 5342 1516 5411 pretio
1526 5338 1676 5419 religionem
1686 5338 1752 5420 Cos-

109 5412 182 5467 vixit
195 5413 332 5484 exernplo.
350 5432 360 5465 r
377 5412 447 5481 Quid
461 5414 542 5468 modo
557 5426 668 5468 neoesse
689 5421 746 5480 est,
767 5410 844 5466 noeis
861 5424 906 5464 ra·
957 5410 1057 5465 siodorr'
1071 5426 1123 5464 uon
1137 5408 1310 5481 labefactant.
1324 5409 1422 5465 Verum
1435 5409 1507 5477 quod
1517 5412 1668 5479 principum
1678 5410 1753 5465 drea·

110 5484 233 5538 tionibus
247 5481 389 5552 fatigemus
404 5484 513 5540 lectoris
526 5484 671 5551 ingenium,
687 5481 784 5554 quibus
797 5481 907 5551 planum
959 5495 1057 5535 uorum
1070 5479 1184 5549 gratiam
1198 5494 1373 5548 actoremque
1385 5480 1421 5534 sit
1434 5479 1596 5549 promeritus
1611 5478 1757 5536 Cassiodo·
1799 5521 1803 5531 ,

109 5554 162 5607 aar
177 5568 260 5623 quam
275 5554 381 5609 eximiae
393 5553 548 5611 Cassiodori
563 5553 774 5608 adolescentiam
794 5552 909 5607 virtutes
961 5565 1017 5615 rus,
1034 5549 1133 5604 nemini
1152 5549 1243 5603 renim
1263 5549 1290 5603 in
1312 5548 1491 5618 suspicionem
1512 5548 1579 5604 trees
1600 5549 1658 5619 ejus
1670 5558 1754 5631 atque

107 5623 334 5705 nobilitaverint?
346 5623 539 5680 Probationum
552 5623 672 5678 omnium
684 5622 830 5677 instarerit
839 5620 908 5676 cita·
960 5619 1072 5688 religio,
1085 5634 1167 5689 quam
1183 5619 1218 5674 ah
1232 5617 1305 5674 omiti
1322 5619 1423 5674 erroris
1436 5618 1498 5675 luce
1519 5618 1645 5683 lihemm‚
1666 5620 1752 5675 solida

108 5703 171 5748 tum
185 5692 317 5764 principis
330 5693 382 5750 lide
396 5693 544 5763 dignissimi
563 5691 764 5758 testimonium,
777 5704 832 5759 que
853 5706 909 5747 neu
961 5698 1078 5745 testatur
1100 5689 1196 5759 pietas,
1221 5687 1342 5770 exhibita
1364 5686 1492 5745 Ecclesiae
1514 5690 1643 5760 preclara
1664 5688 1753 5746 oillcitt

105 5763 266 5820 claritatem
278 5763 397 5833 generis,
411 5780 465 5820 non
479 5762 640 5819 inundantis
658 5762 746 5817 aetatis
769 5760 909 5816 turbulen-
961 5762 984 5816 si
1004 5757 1122 5826 uiiimet,
1137 5758 1349 5815 addictissimum
1362 5773 1419 5815 sem
1449 5773 1542 5829 ,rerga
1556 5774 1753 5830 sumrnespon·

106 5843 171 5892 um
193 5836 322 5908 animam
342 5850 399 5895 unu
420 5848 527 5902 rueram
545 5832 728 5905 corruptelam
746 5830 907 5903 patriorum,
976 5831 981 5841 ‘
1002 5845 1050 5888 ces
1067 5840 1096 5889 et
1118 5830 1261 5903 episcopos
1280 5843 1405 5888 commeo
1444 5839 1454 5888 t
1474 5829 1649 5902 obsequium
1670 5843 1751 5902 quam
