<?xml version="1.0" encoding="UTF-8"?>
<!DOCTYPE html PUBLIC "-//W3C//DTD XHTML 1.0 Transitional//EN"
    "http://www.w3.org/TR/xhtml1/DTD/xhtml1-transitional.dtd">
<html xmlns="http://www.w3.org/1999/xhtml" xml:lang="en" lang="en">
 <head>
  <title>
</title>
<meta http-equiv="Content-Type" content="text/html;charset=utf-8" />
  <meta name='ocr-system' content='tesseract 3.04.00' />
  <meta name='ocr-capabilities' content='ocr_page ocr_carea ocr_par ocr_line ocrx_word'/>
</head>
<body>
  <div class='ocr_page' id='page_1' title='image "./patrologiaecurs144unkngoog/patrologiaecurs144unkngoog_0217.png"; bbox 0 0 4059 6184; ppageno 0'>
   <div class='ocr_carea' id='block_1_1' title="bbox 206 320 1838 380">
    <p class='ocr_par' dir='ltr' id='par_1_1' title="bbox 206 320 1838 380">
     <span class='ocr_line' id='line_1_1' title="bbox 206 320 1838 380; baseline -0.001 -3"><span class='ocrx_word' id='word_1_1' title='bbox 206 324 258 380; x_wconf 68' lang='lat' dir='ltr'><strong>itti</strong></span> <span class='ocrx_word' id='word_1_2' title='bbox 876 322 1012 380; x_wconf 72' lang='lat' dir='ltr'><strong>catasta</strong></span> <span class='ocrx_word' id='word_1_3' title='bbox 1032 320 1139 380; x_wconf 63' lang='lat' dir='ltr'><strong>Phl’di</strong></span> <span class='ocrx_word' id='word_1_4' title='bbox 1786 324 1838 378; x_wconf 85' lang='lat' dir='ltr'><strong>ttlt</strong></span> 
     </span>
    </p>
   </div>
   <div class='ocr_carea' id='block_1_2' title="bbox 206 412 1843 597">
    <p class='ocr_par' dir='ltr' id='par_1_2' title="bbox 206 412 1843 597">
     <span class='ocr_line' id='line_1_2' title="bbox 206 412 1843 519; baseline -0.002 -21"><span class='ocrx_word' id='word_1_5' title='bbox 206 457 281 513; x_wconf 75' lang='lat' dir='ltr'><strong>papa</strong></span> <span class='ocrx_word' id='word_1_6' title='bbox 297 442 395 502; x_wconf 73' lang='lat' dir='ltr'><strong>iaoms</strong></span> <span class='ocrx_word' id='word_1_7' title='bbox 409 451 516 502; x_wconf 89' lang='lat' dir='ltr'><strong>constat</strong></span> <span class='ocrx_word' id='word_1_8' title='bbox 525 457 584 499; x_wconf 85' lang='lat' dir='ltr'><strong>esse</strong></span> <span class='ocrx_word' id='word_1_9' title='bbox 603 441 769 499; x_wconf 89' lang='lat' dir='ltr'><strong>damnatum.</strong></span> <span class='ocrx_word' id='word_1_10' title='bbox 794 412 865 497; x_wconf 79' lang='lat' dir='ltr'><strong>lime</strong></span> <span class='ocrx_word' id='word_1_11' title='bbox 880 440 1000 496; x_wconf 86' lang='lat' dir='ltr'><strong>breviter</strong></span> <span class='ocrx_word' id='word_1_12' title='bbox 1013 443 1037 498; x_wconf 82' lang='grc' dir='ltr'><strong>Α</strong></span> <span class='ocrx_word' id='word_1_13' title='bbox 1052 442 1224 514; x_wconf 77' lang='lat' dir='ltr'><strong>contigerunt,</strong></span> <span class='ocrx_word' id='word_1_14' title='bbox 1239 438 1319 497; x_wconf 84' lang='lat' dir='ltr'><strong>siculi</strong></span> <span class='ocrx_word' id='word_1_15' title='bbox 1333 448 1360 498; x_wconf 90' lang='lat' dir='ltr'><strong>et</strong></span> <span class='ocrx_word' id='word_1_16' title='bbox 1373 440 1551 519; x_wconf 80' lang='lat' dir='ltr'><strong>posteriorem</strong></span> <span class='ocrx_word' id='word_1_17' title='bbox 1562 440 1596 495; x_wconf 89' lang='lat' dir='ltr'><strong>ab</strong></span> <span class='ocrx_word' id='word_1_18' title='bbox 1609 440 1651 497; x_wconf 87' lang='lat' dir='ltr'><strong>his</strong></span> <span class='ocrx_word' id='word_1_19' title='bbox 1662 439 1772 496; x_wconf 83' lang='lat' dir='ltr'><strong>serbis:</strong></span> <span class='ocrx_word' id='word_1_20' title='bbox 1789 439 1843 496; x_wconf 80' lang='lat' dir='ltr'><strong>lie·</strong></span> 
     </span>
     <span class='ocr_line' id='line_1_3' title="bbox 207 512 1840 597; baseline -0.004 -9"><span class='ocrx_word' id='word_1_21' title='bbox 207 534 366 594; x_wconf 87' lang='lat' dir='ltr'><strong>insinuanda</strong></span> <span class='ocrx_word' id='word_1_22' title='bbox 390 549 450 593; x_wconf 89' lang='lat' dir='ltr'><strong>esse</strong></span> <span class='ocrx_word' id='word_1_23' title='bbox 477 534 644 591; x_wconf 80' lang='lat' dir='ltr'><strong>excellentiae</strong></span> <span class='ocrx_word' id='word_1_24' title='bbox 666 543 762 589; x_wconf 79' lang='lat' dir='ltr'><strong>vestrae</strong></span> <span class='ocrx_word' id='word_1_25' title='bbox 788 532 950 597; x_wconf 84' lang='lat' dir='ltr'><strong>curavimus,</strong></span> <span class='ocrx_word' id='word_1_26' title='bbox 970 539 1000 585; x_wconf 89' lang='lat' dir='ltr'><strong>nt</strong></span> <span class='ocrx_word' id='word_1_27' title='bbox 1052 513 1147 576; x_wconf 56' lang='lat' dir='ltr'><strong>‘illm‘</strong></span> <span class='ocrx_word' id='word_1_28' title='bbox 1161 528 1219 567; x_wconf 65' lang='lat' dir='ltr'><strong>”m</strong></span> <span class='ocrx_word' id='word_1_29' title='bbox 1235 512 1430 567; x_wconf 58' lang='lat' dir='ltr'><strong>mmmmm</strong></span> <span class='ocrx_word' id='word_1_30' title='bbox 1444 512 1618 582; x_wconf 65' lang='lat' dir='ltr'><strong>⁶l³⁰⁸¹⁰i⁰n⁴¹¹¹</strong></span> <span class='ocrx_word' id='word_1_31' title='bbox 1634 528 1711 568; x_wconf 66' lang='lat' dir='ltr'><strong>mm</strong></span> <span class='ocrx_word' id='word_1_32' title='bbox 1733 526 1840 568; x_wconf 61' lang='lat' dir='ltr'><strong>mle·</strong></span> 
     </span>
    </p>
   </div>
   <div class='ocr_carea' id='block_1_3' title="bbox 207 581 1828 716">
    <p class='ocr_par' dir='ltr' id='par_1_3' title="bbox 207 581 1828 716">
     <span class='ocr_line' id='line_1_4' title="bbox 207 581 1828 716; baseline 0.014 -32"><span class='ocrx_word' id='word_1_33' title='bbox 207 629 253 686; x_wconf 90' lang='lat' dir='ltr'><strong>llle</strong></span> <span class='ocrx_word' id='word_1_34' title='bbox 264 629 346 687; x_wconf 88' lang='lat' dir='ltr'><strong>ardor</strong></span> <span class='ocrx_word' id='word_1_35' title='bbox 359 628 421 686; x_wconf 88' lang='lat' dir='ltr'><strong>hdei</strong></span> <span class='ocrx_word' id='word_1_36' title='bbox 435 636 542 694; x_wconf 68' lang='lat' dir='ltr'><strong>restam,</strong></span> <span class='ocrx_word' id='word_1_37' title='bbox 553 637 582 685; x_wconf 90' lang='lat' dir='ltr'><strong>et</strong></span> <span class='ocrx_word' id='word_1_38' title='bbox 591 627 704 684; x_wconf 86' lang='lat' dir='ltr'><strong>unitatis</strong></span> <span class='ocrx_word' id='word_1_39' title='bbox 718 643 805 693; x_wconf 87' lang='lat' dir='ltr'><strong>aanor,</strong></span> <span class='ocrx_word' id='word_1_40' title='bbox 818 643 873 683; x_wconf 87' lang='lat' dir='ltr'><strong>aon</strong></span> <span class='ocrx_word' id='word_1_41' title='bbox 886 625 1006 695; x_wconf 78' lang='lat' dir='ltr'><strong>clicerius</strong></span> <span class='ocrx_word' id='word_1_42' title='bbox 1052 582 1514 716; x_wconf 53' lang='lat' dir='ltr'><strong>ffifflsslffiffissffflffi</strong></span> <span class='ocrx_word' id='word_1_43' title='bbox 1524 598 1612 706; x_wconf 48' lang='lat' dir='ltr'><strong>{semsi</strong></span> <span class='ocrx_word' id='word_1_44' title='bbox 1622 581 1828 707; x_wconf 54' lang='lat' dir='ltr'><strong>ssessffiuua</strong></span> 
     </span>
    </p>
   </div>
   <div class='ocr_carea' id='block_1_4' title="bbox 207 718 1844 881">
    <p class='ocr_par' dir='ltr' id='par_1_4' title="bbox 207 718 1844 881">
     <span class='ocr_line' id='line_1_5' title="bbox 207 718 1844 792; baseline 0.002 -19"><span class='ocrx_word' id='word_1_45' title='bbox 207 720 326 791; x_wconf 78' lang='lat' dir='ltr'><strong>perversi</strong></span> <span class='ocrx_word' id='word_1_46' title='bbox 341 718 1001 790; x_wconf 80' lang='lat' dir='ltr'><strong>bominisfabulas,autebartassuperfluasper-</strong></span> <span class='ocrx_word' id='word_1_47' title='bbox 1088 722 1201 791; x_wconf 81' lang='lat' dir='ltr'>Reliqua</span> <span class='ocrx_word' id='word_1_48' title='bbox 1226 722 1316 776; x_wconf 90' lang='lat' dir='ltr'><strong>omnia</strong></span> <span class='ocrx_word' id='word_1_49' title='bbox 1344 723 1371 777; x_wconf 89' lang='lat' dir='ltr'><strong>in</strong></span> <span class='ocrx_word' id='word_1_50' title='bbox 1385 722 1498 792; x_wconf 84' lang='lat' dir='ltr'><strong>epistola</strong></span> <span class='ocrx_word' id='word_1_51' title='bbox 1514 723 1547 776; x_wconf 89' lang='lat' dir='ltr'><strong>ad</strong></span> <span class='ocrx_word' id='word_1_52' title='bbox 1585 723 1763 777; x_wconf 76' lang='lat' dir='ltr'><strong>hildebertum</strong></span> <span class='ocrx_word' id='word_1_53' title='bbox 1777 737 1844 779; x_wconf 89' lang='lat' dir='ltr'><strong>oon-</strong></span> 
     </span>
     <span class='ocr_line' id='line_1_6' title="bbox 207 791 1844 881; baseline 0.002 -37"><span class='ocrx_word' id='word_1_54' title='bbox 207 810 407 868; x_wconf 57' lang='lat' dir='ltr'><strong>mgmmmgp</strong></span> <span class='ocrx_word' id='word_1_55' title='bbox 422 810 504 881; x_wconf 59' lang='lat' dir='ltr'><strong>,quia</strong></span> <span class='ocrx_word' id='word_1_56' title='bbox 516 818 544 867; x_wconf 53' lang='grc' dir='ltr'>ει</span> <span class='ocrx_word' id='word_1_57' title='bbox 557 811 602 867; x_wconf 55' lang='lat' dir='ltr'><strong>hcc</strong></span> <span class='ocrx_word' id='word_1_58' title='bbox 612 812 754 881; x_wconf 47' lang='lat' dir='ltr'><strong>,pumicesv</strong></span> <span class='ocrx_word' id='word_1_59' title='bbox 764 811 870 879; x_wconf 52' lang='lat' dir='ltr'><strong>,siquos</strong></span> <span class='ocrx_word' id='word_1_60' title='bbox 892 810 999 880; x_wconf 60' lang='lat' dir='ltr'><strong>epam,</strong></span> <span class='ocrx_word' id='word_1_61' title='bbox 1022 845 1024 849; x_wconf 78' lang='grc'>,</span> <span class='ocrx_word' id='word_1_62' title='bbox 1053 801 1128 847; x_wconf 61' lang='lat' dir='ltr'><strong>serata</strong></span> <span class='ocrx_word' id='word_1_63' title='bbox 1142 793 1290 862; x_wconf 86' lang='lat' dir='ltr'><strong>desumpsit</strong></span> <span class='ocrx_word' id='word_1_64' title='bbox 1300 793 1504 847; x_wconf 73' lang='lat' dir='ltr'>consarcinator</span> <span class='ocrx_word' id='word_1_65' title='bbox 1517 807 1549 847; x_wconf 82' lang='lat' dir='ltr'><strong>ex</strong></span> <span class='ocrx_word' id='word_1_66' title='bbox 1565 793 1599 848; x_wconf 89' lang='lat' dir='ltr'><strong>ali</strong></span> <span class='ocrx_word' id='word_1_67' title='bbox 1620 791 1697 848; x_wconf 88' lang='lat' dir='ltr'><strong>uibus</strong></span> <span class='ocrx_word' id='word_1_68' title='bbox 1717 791 1844 848; x_wconf 77' lang='lat' dir='ltr'><strong>litterisa</strong></span> 
     </span>
    </p>
   </div>
   <div class='ocr_carea' id='block_1_5' title="bbox 208 809 1844 973">
    <p class='ocr_par' dir='ltr' id='par_1_5' title="bbox 208 809 1844 973">
     <span class='ocr_line' id='line_1_7' title="bbox 208 809 1844 973; baseline 0.001 -56"><span class='ocrx_word' id='word_1_69' title='bbox 208 901 575 973; x_wconf 42' lang='lat' dir='ltr'><strong>posmnesciemmim</strong></span> <span class='ocrx_word' id='word_1_70' title='bbox 591 901 724 957; x_wconf 56' lang='lat' dir='ltr'><strong>elementa</strong></span> <span class='ocrx_word' id='word_1_71' title='bbox 740 902 813 967; x_wconf 41' lang='lat' dir='ltr'>fidei,</span> <span class='ocrx_word' id='word_1_72' title='bbox 836 900 1001 956; x_wconf 45' lang='lat' dir='ltr'><strong>mummo-</strong></span> <span class='ocrx_word' id='word_1_73' title='bbox 1053 862 1150 929; x_wconf 76' lang='lat' dir='ltr'><strong>vigilio</strong></span> <span class='ocrx_word' id='word_1_74' title='bbox 1173 878 1241 933; x_wconf 89' lang='lat' dir='ltr'><strong>papa</strong></span> <span class='ocrx_word' id='word_1_75' title='bbox 1269 865 1300 916; x_wconf 85' lang='lat' dir='ltr'><strong>al</strong></span> <span class='ocrx_word' id='word_1_76' title='bbox 1315 859 1492 918; x_wconf 85' lang='lat' dir='ltr'><strong>lastinianum</strong></span> <span class='ocrx_word' id='word_1_77' title='bbox 1516 862 1581 932; x_wconf 88' lang='lat' dir='ltr'><strong>imp.</strong></span> <span class='ocrx_word' id='word_1_78' title='bbox 1601 809 1680 918; x_wconf 54' lang='lat' dir='ltr'><strong>hatis.</strong></span> <span class='ocrx_word' id='word_1_79' title='bbox 1697 861 1764 916; x_wconf 81' lang='lat' dir='ltr'><strong>Nasu</strong></span> <span class='ocrx_word' id='word_1_80' title='bbox 1784 863 1844 919; x_wconf 80' lang='lat' dir='ltr'><strong>trae</strong></span> 
     </span>
    </p>
   </div>
   <div class='ocr_carea' id='block_1_6' title="bbox 208 997 1004 1802">
    <p class='ocr_par' dir='ltr' id='par_1_6' title="bbox 208 997 1004 1802">
     <span class='ocr_line' id='line_1_8' title="bbox 208 997 999 1069; baseline 0 -16"><span class='ocrx_word' id='word_1_81' title='bbox 208 1008 280 1064; x_wconf 90' lang='lat' dir='ltr'><strong>runt,</strong></span> <span class='ocrx_word' id='word_1_82' title='bbox 296 1006 326 1054; x_wconf 91' lang='lat' dir='ltr'><strong>ut</strong></span> <span class='ocrx_word' id='word_1_83' title='bbox 339 1012 391 1055; x_wconf 90' lang='lat' dir='ltr'><strong>nec</strong></span> <span class='ocrx_word' id='word_1_84' title='bbox 402 999 536 1053; x_wconf 81' lang='lat' dir='ltr'><strong>rationem</strong></span> <span class='ocrx_word' id='word_1_85' title='bbox 558 997 643 1067; x_wconf 80' lang='lat' dir='ltr'>ipsam</span> <span class='ocrx_word' id='word_1_86' title='bbox 658 998 818 1069; x_wconf 81' lang='lat' dir='ltr'><strong>intelligant,</strong></span> <span class='ocrx_word' id='word_1_87' title='bbox 834 1013 885 1054; x_wconf 88' lang='lat' dir='ltr'><strong>nee</strong></span> <span class='ocrx_word' id='word_1_88' title='bbox 897 997 999 1054; x_wconf 90' lang='lat' dir='ltr'><strong>discer-</strong></span> 
     </span>
     <span class='ocr_line' id='line_1_9' title="bbox 210 1086 999 1157; baseline -0.001 -14"><span class='ocrx_word' id='word_1_89' title='bbox 210 1096 276 1144; x_wconf 88' lang='lat' dir='ltr'><strong>nant</strong></span> <span class='ocrx_word' id='word_1_90' title='bbox 289 1097 418 1157; x_wconf 80' lang='lat' dir='ltr'><strong>quantum</strong></span> <span class='ocrx_word' id='word_1_91' title='bbox 432 1088 468 1142; x_wconf 89' lang='lat' dir='ltr'><strong>sit</strong></span> <span class='ocrx_word' id='word_1_92' title='bbox 477 1088 578 1143; x_wconf 88' lang='lat' dir='ltr'><strong>bonnm</strong></span> <span class='ocrx_word' id='word_1_93' title='bbox 589 1103 605 1142; x_wconf 91' lang='lat' dir='ltr'><strong>a</strong></span> <span class='ocrx_word' id='word_1_94' title='bbox 617 1086 668 1144; x_wconf 88' lang='lat' dir='ltr'><strong>lide</strong></span> <span class='ocrx_word' id='word_1_95' title='bbox 682 1088 817 1145; x_wconf 83' lang='lat' dir='ltr'><strong>catlrohca</strong></span> <span class='ocrx_word' id='word_1_96' title='bbox 828 1104 882 1143; x_wconf 94' lang='lat' dir='ltr'><strong>non</strong></span> <span class='ocrx_word' id='word_1_97' title='bbox 896 1103 999 1151; x_wconf 70' lang='lat' dir='ltr'><strong>errare:</strong></span> 
     </span>
     <span class='ocr_line' id='line_1_10' title="bbox 211 1179 1001 1250; baseline -0.005 -13"><span class='ocrx_word' id='word_1_98' title='bbox 211 1180 260 1237; x_wconf 75' lang='lat' dir='ltr'><strong>ded</strong></span> <span class='ocrx_word' id='word_1_99' title='bbox 274 1181 296 1236; x_wconf 91' lang='lat' dir='ltr'><strong>si</strong></span> <span class='ocrx_word' id='word_1_100' title='bbox 309 1195 361 1250; x_wconf 81' lang='lat' dir='ltr'><strong>qua</strong></span> <span class='ocrx_word' id='word_1_101' title='bbox 376 1186 440 1235; x_wconf 92' lang='lat' dir='ltr'><strong>sunt</strong></span> <span class='ocrx_word' id='word_1_102' title='bbox 450 1180 503 1235; x_wconf 84' lang='lat' dir='ltr'><strong>alia</strong></span> <span class='ocrx_word' id='word_1_103' title='bbox 516 1179 613 1250; x_wconf 74' lang='lat' dir='ltr'><strong>qubus</strong></span> <span class='ocrx_word' id='word_1_104' title='bbox 624 1180 725 1236; x_wconf 81' lang='lat' dir='ltr'><strong>crimen</strong></span> <span class='ocrx_word' id='word_1_105' title='bbox 740 1180 774 1236; x_wconf 90' lang='lat' dir='ltr'><strong>ab</strong></span> <span class='ocrx_word' id='word_1_106' title='bbox 787 1179 920 1235; x_wconf 79' lang='lat' dir='ltr'><strong>haereticis</strong></span> <span class='ocrx_word' id='word_1_107' title='bbox 931 1179 1001 1249; x_wconf 90' lang='lat' dir='ltr'><strong>pati·</strong></span> 
     </span>
     <span class='ocr_line' id='line_1_11' title="bbox 210 1269 1003 1343; baseline -0.003 -16"><span class='ocrx_word' id='word_1_108' title='bbox 210 1279 255 1327; x_wconf 89' lang='lat' dir='ltr'><strong>tur</strong></span> <span class='ocrx_word' id='word_1_109' title='bbox 267 1278 359 1327; x_wconf 87' lang='lat' dir='ltr'><strong>saneta</strong></span> <span class='ocrx_word' id='word_1_110' title='bbox 373 1269 493 1343; x_wconf 82' lang='lat' dir='ltr'><strong>Ecclesia</strong></span> <span class='ocrx_word' id='word_1_111' title='bbox 504 1269 633 1327; x_wconf 79' lang='lat' dir='ltr'><strong>refutare.</strong></span> <span class='ocrx_word' id='word_1_112' title='bbox 650 1270 715 1338; x_wconf 78' lang='lat' dir='ltr'><strong>Quis</strong></span> <span class='ocrx_word' id='word_1_113' title='bbox 734 1272 821 1343; x_wconf 60' lang='lat' dir='ltr'><strong>esaim⁸</strong></span> <span class='ocrx_word' id='word_1_114' title='bbox 833 1270 953 1343; x_wconf 88' lang='lat' dir='ltr'><strong>patiatur</strong></span> <span class='ocrx_word' id='word_1_115' title='bbox 974 1279 1003 1325; x_wconf 96' lang='lat' dir='ltr'><strong>ut</strong></span> 
     </span>
     <span class='ocr_line' id='line_1_12' title="bbox 210 1361 1003 1433; baseline -0.001 -15"><span class='ocrx_word' id='word_1_116' title='bbox 210 1361 325 1420; x_wconf 82' lang='lat' dir='ltr'><strong>Nestorii</strong></span> <span class='ocrx_word' id='word_1_117' title='bbox 352 1362 395 1418; x_wconf 83' lang='lat' dir='ltr'><strong>ecl</strong></span> <span class='ocrx_word' id='word_1_118' title='bbox 419 1371 585 1418; x_wconf 87' lang='lat' dir='ltr'><strong>seetatorum</strong></span> <span class='ocrx_word' id='word_1_119' title='bbox 610 1362 670 1433; x_wconf 81' lang='lat' dir='ltr'><strong>ejus</strong></span> <span class='ocrx_word' id='word_1_120' title='bbox 689 1363 882 1433; x_wconf 84' lang='lat' dir='ltr'><strong>blasphemias,</strong></span> <span class='ocrx_word' id='word_1_121' title='bbox 907 1377 1003 1433; x_wconf 87' lang='lat' dir='ltr'><strong>proco</strong></span> 
     </span>
     <span class='ocr_line' id='line_1_13' title="bbox 211 1451 1004 1526; baseline -0.004 -15"><span class='ocrx_word' id='word_1_122' title='bbox 211 1455 284 1526; x_wconf 82' lang='lat' dir='ltr'><strong>quod</strong></span> <span class='ocrx_word' id='word_1_123' title='bbox 295 1456 363 1512; x_wconf 86' lang='lat' dir='ltr'><strong>duas</strong></span> <span class='ocrx_word' id='word_1_124' title='bbox 375 1463 486 1511; x_wconf 88' lang='lat' dir='ltr'><strong>naturas</strong></span> <span class='ocrx_word' id='word_1_125' title='bbox 500 1456 527 1509; x_wconf 93' lang='lat' dir='ltr'><strong>in</strong></span> <span class='ocrx_word' id='word_1_126' title='bbox 540 1452 650 1511; x_wconf 77' lang='lat' dir='ltr'><strong>Christo</strong></span> <span class='ocrx_word' id='word_1_127' title='bbox 663 1463 813 1526; x_wconf 86' lang='lat' dir='ltr'><strong>separatas,</strong></span> <span class='ocrx_word' id='word_1_128' title='bbox 838 1453 864 1509; x_wconf 93' lang='lat' dir='ltr'><strong>id</strong></span> <span class='ocrx_word' id='word_1_129' title='bbox 877 1462 920 1509; x_wconf 91' lang='lat' dir='ltr'><strong>est</strong></span> <span class='ocrx_word' id='word_1_130' title='bbox 933 1451 1004 1508; x_wconf 84' lang='lat' dir='ltr'><strong>divi·</strong></span> 
     </span>
     <span class='ocr_line' id='line_1_14' title="bbox 210 1546 1003 1612; baseline -0.005 -8"><span class='ocrx_word' id='word_1_131' title='bbox 210 1562 256 1604; x_wconf 83' lang='lat' dir='ltr'><strong>aas</strong></span> <span class='ocrx_word' id='word_1_132' title='bbox 265 1561 326 1605; x_wconf 87' lang='lat' dir='ltr'><strong>esse</strong></span> <span class='ocrx_word' id='word_1_133' title='bbox 340 1546 495 1612; x_wconf 76' lang='lat' dir='ltr'><strong>astruxerit,</strong></span> <span class='ocrx_word' id='word_1_134' title='bbox 511 1546 651 1602; x_wconf 77' lang='lat' dir='ltr'><strong>catholice</strong></span> <span class='ocrx_word' id='word_1_135' title='bbox 665 1547 726 1601; x_wconf 89' lang='lat' dir='ltr'><strong>lidei</strong></span> <span class='ocrx_word' id='word_1_136' title='bbox 741 1548 878 1602; x_wconf 86' lang='lat' dir='ltr'><strong>existimet</strong></span> <span class='ocrx_word' id='word_1_137' title='bbox 887 1560 1003 1602; x_wconf 91' lang='lat' dir='ltr'><strong>eoncor-</strong></span> 
     </span>
     <span class='ocr_line' id='line_1_15' title="bbox 211 1635 1004 1707; baseline -0.003 -15"><span class='ocrx_word' id='word_1_138' title='bbox 211 1637 296 1694; x_wconf 79' lang='lat' dir='ltr'><strong>darei</strong></span> <span class='ocrx_word' id='word_1_139' title='bbox 309 1635 345 1693; x_wconf 88' lang='lat' dir='ltr'><strong>Ut</strong></span> <span class='ocrx_word' id='word_1_140' title='bbox 357 1647 449 1693; x_wconf 87' lang='lat' dir='ltr'><strong>autern</strong></span> <span class='ocrx_word' id='word_1_141' title='bbox 459 1650 510 1693; x_wconf 90' lang='lat' dir='ltr'><strong>nos</strong></span> <span class='ocrx_word' id='word_1_142' title='bbox 519 1636 757 1693; x_wconf 72' lang='lat' dir='ltr'><strong>diutribulationes</strong></span> <span class='ocrx_word' id='word_1_143' title='bbox 768 1635 1004 1707; x_wconf 74' lang='lat' dir='ltr'><strong>Constantinopoli</strong></span> 
     </span>
     <span class='ocr_line' id='line_1_16' title="bbox 211 1727 1003 1802; baseline -0.001 -18"><span class='ocrx_word' id='word_1_144' title='bbox 211 1737 374 1802; x_wconf 87' lang='lat' dir='ltr'><strong>pateremur,</strong></span> <span class='ocrx_word' id='word_1_145' title='bbox 390 1727 434 1782; x_wconf 88' lang='lat' dir='ltr'><strong>illa</strong></span> <span class='ocrx_word' id='word_1_146' title='bbox 444 1742 488 1785; x_wconf 91' lang='lat' dir='ltr'><strong>res</strong></span> <span class='ocrx_word' id='word_1_147' title='bbox 501 1727 566 1783; x_wconf 87' lang='lat' dir='ltr'><strong>lecit</strong></span> <span class='ocrx_word' id='word_1_148' title='bbox 578 1742 659 1796; x_wconf 82' lang='lat' dir='ltr'><strong>quam</strong></span> <span class='ocrx_word' id='word_1_149' title='bbox 673 1727 792 1784; x_wconf 80' lang='lat' dir='ltr'><strong>brevitor</strong></span> <span class='ocrx_word' id='word_1_150' title='bbox 805 1727 929 1798; x_wconf 89' lang='lat' dir='ltr'><strong>superius</strong></span> <span class='ocrx_word' id='word_1_151' title='bbox 939 1728 1003 1783; x_wconf 89' lang='lat' dir='ltr'><strong>teti·</strong></span> 
     </span>
    </p>
   </div>
   <div class='ocr_carea' id='block_1_7' title="bbox 211 1815 1042 1891">
    <p class='ocr_par' dir='ltr' id='par_1_7' title="bbox 211 1815 1042 1891">
     <span class='ocr_line' id='line_1_17' title="bbox 211 1815 1042 1891; baseline -0.001 -18"><span class='ocrx_word' id='word_1_152' title='bbox 211 1819 299 1891; x_wconf 83' lang='lat' dir='ltr'><strong>gimus</strong></span> <span class='ocrx_word' id='word_1_153' title='bbox 311 1836 318 1872; x_wconf 93' lang='lat'><strong>:</strong></span> <span class='ocrx_word' id='word_1_154' title='bbox 331 1818 459 1887; x_wconf 83' lang='lat' dir='ltr'><strong>quoniam</strong></span> <span class='ocrx_word' id='word_1_155' title='bbox 472 1817 580 1874; x_wconf 80' lang='lat' dir='ltr'><strong>urente</strong></span> <span class='ocrx_word' id='word_1_156' title='bbox 592 1817 720 1888; x_wconf 81' lang='lat' dir='ltr'><strong>bagusta,</strong></span> <span class='ocrx_word' id='word_1_157' title='bbox 732 1815 863 1888; x_wconf 78' lang='lat' dir='ltr'><strong>quidquid</strong></span> <span class='ocrx_word' id='word_1_158' title='bbox 877 1818 905 1873; x_wconf 89' lang='lat' dir='ltr'><strong>in</strong></span> <span class='ocrx_word' id='word_1_159' title='bbox 917 1819 1005 1874; x_wconf 85' lang='lat' dir='ltr'><strong>eccle·</strong></span> <span class='ocrx_word' id='word_1_160' title='bbox 1021 1825 1042 1882; x_wconf 79' lang='lat' dir='ltr'><strong>n</strong></span> 
     </span>
    </p>
   </div>
   <div class='ocr_carea' id='block_1_8' title="bbox 211 1908 1006 2608">
    <p class='ocr_par' dir='ltr' id='par_1_8' title="bbox 211 1908 1006 2608">
     <span class='ocr_line' id='line_1_18' title="bbox 211 1908 1004 1980; baseline -0.005 -14"><span class='ocrx_word' id='word_1_161' title='bbox 211 1910 424 1968; x_wconf 86' lang='lat' dir='ltr'><strong>siasticiseausis</strong></span> <span class='ocrx_word' id='word_1_162' title='bbox 436 1909 606 1972; x_wconf 83' lang='lat' dir='ltr'><strong>mouebatur,</strong></span> <span class='ocrx_word' id='word_1_163' title='bbox 617 1916 773 1980; x_wconf 86' lang='lat' dir='ltr'><strong>suspectam</strong></span> <span class='ocrx_word' id='word_1_164' title='bbox 783 1908 1004 1964; x_wconf 79' lang='lat' dir='ltr'><strong>babuimusllam</strong></span> 
     </span>
     <span class='ocr_line' id='line_1_19' title="bbox 212 2000 1005 2072; baseline -0.003 -15"><span class='ocrx_word' id='word_1_165' title='bbox 212 2009 289 2072; x_wconf 87' lang='lat' dir='ltr'><strong>pater</strong></span> <span class='ocrx_word' id='word_1_166' title='bbox 304 2009 394 2057; x_wconf 86' lang='lat' dir='ltr'><strong>restes</strong></span> <span class='ocrx_word' id='word_1_167' title='bbox 406 2000 629 2057; x_wconf 82' lang='lat' dir='ltr'><strong>clementissimus</strong></span> <span class='ocrx_word' id='word_1_168' title='bbox 639 2001 799 2070; x_wconf 88' lang='lat' dir='ltr'><strong>imperator,</strong></span> <span class='ocrx_word' id='word_1_169' title='bbox 809 2010 837 2055; x_wconf 89' lang='lat' dir='ltr'><strong>et</strong></span> <span class='ocrx_word' id='word_1_170' title='bbox 848 2001 1005 2071; x_wconf 82' lang='lat' dir='ltr'><strong>beatipapae</strong></span> 
     </span>
     <span class='ocr_line' id='line_1_20' title="bbox 213 2086 1005 2161; baseline -0.004 -15"><span class='ocrx_word' id='word_1_171' title='bbox 213 2089 311 2146; x_wconf 79' lang='lat' dir='ltr'><strong>Leonis</strong></span> <span class='ocrx_word' id='word_1_172' title='bbox 323 2089 431 2158; x_wconf 74' lang='lat' dir='ltr'><strong>singnis,</strong></span> <span class='ocrx_word' id='word_1_173' title='bbox 446 2097 474 2144; x_wconf 89' lang='lat' dir='ltr'><strong>at</strong></span> <span class='ocrx_word' id='word_1_174' title='bbox 484 2087 711 2147; x_wconf 74' lang='lat' dir='ltr'><strong>Chalcedonensis</strong></span> <span class='ocrx_word' id='word_1_175' title='bbox 725 2088 820 2161; x_wconf 80' lang='lat' dir='ltr'><strong>synodi</strong></span> <span class='ocrx_word' id='word_1_176' title='bbox 837 2086 917 2144; x_wconf 86' lang='lat' dir='ltr'><strong>iidem</strong></span> <span class='ocrx_word' id='word_1_177' title='bbox 931 2088 1005 2143; x_wconf 89' lang='lat' dir='ltr'><strong>nullo</strong></span> 
     </span>
     <span class='ocr_line' id='line_1_21' title="bbox 212 2179 1005 2255; baseline -0.003 -19"><span class='ocrx_word' id='word_1_178' title='bbox 212 2181 293 2241; x_wconf 85' lang='lat' dir='ltr'><strong>modo</strong></span> <span class='ocrx_word' id='word_1_179' title='bbox 306 2194 423 2251; x_wconf 75' lang='lat' dir='ltr'><strong>annnam</strong></span> <span class='ocrx_word' id='word_1_180' title='bbox 438 2180 540 2250; x_wconf 86' lang='lat' dir='ltr'><strong>patitur</strong></span> <span class='ocrx_word' id='word_1_181' title='bbox 565 2180 671 2237; x_wconf 77' lang='lat' dir='ltr'><strong>molari.</strong></span> <span class='ocrx_word' id='word_1_182' title='bbox 697 2179 834 2249; x_wconf 82' lang='lat' dir='ltr'><strong>Reliquias</strong></span> <span class='ocrx_word' id='word_1_183' title='bbox 857 2194 923 2255; x_wconf 83' lang='lat' dir='ltr'><strong>sero</strong></span> <span class='ocrx_word' id='word_1_184' title='bbox 949 2188 1005 2234; x_wconf 86' lang='lat' dir='ltr'><strong>tam</strong></span> 
     </span>
     <span class='ocr_line' id='line_1_22' title="bbox 213 2269 1005 2341; baseline -0.006 -13"><span class='ocrx_word' id='word_1_185' title='bbox 213 2272 354 2328; x_wconf 87' lang='lat' dir='ltr'><strong>beatorum</strong></span> <span class='ocrx_word' id='word_1_186' title='bbox 366 2269 550 2341; x_wconf 85' lang='lat' dir='ltr'><strong>apostolorum</strong></span> <span class='ocrx_word' id='word_1_187' title='bbox 573 2284 654 2339; x_wconf 82' lang='lat' dir='ltr'><strong>quam</strong></span> <span class='ocrx_word' id='word_1_188' title='bbox 668 2277 822 2326; x_wconf 85' lang='lat' dir='ltr'><strong>sanctorum</strong></span> <span class='ocrx_word' id='word_1_189' title='bbox 846 2278 1005 2340; x_wconf 64' lang='lat' dir='ltr'><strong>martynum,</strong></span> 
     </span>
     <span class='ocr_line' id='line_1_23' title="bbox 211 2357 1006 2434; baseline -0.005 -17"><span class='ocrx_word' id='word_1_190' title='bbox 211 2361 267 2432; x_wconf 75' lang='lat' dir='ltr'><strong>lam</strong></span> <span class='ocrx_word' id='word_1_191' title='bbox 281 2359 392 2434; x_wconf 84' lang='lat' dir='ltr'><strong>quidem</strong></span> <span class='ocrx_word' id='word_1_192' title='bbox 404 2374 557 2430; x_wconf 74' lang='lat' dir='ltr'><strong>porsenna</strong></span> <span class='ocrx_word' id='word_1_193' title='bbox 572 2358 618 2416; x_wconf 83' lang='lat' dir='ltr'><strong>Dei</strong></span> <span class='ocrx_word' id='word_1_194' title='bbox 633 2359 790 2415; x_wconf 87' lang='lat' dir='ltr'><strong>monasterii</strong></span> <span class='ocrx_word' id='word_1_195' title='bbox 803 2357 950 2414; x_wconf 76' lang='lat' dir='ltr'><strong>Lirinensis</strong></span> <span class='ocrx_word' id='word_1_196' title='bbox 963 2358 1006 2413; x_wconf 94' lang='lat' dir='ltr'><strong>di·</strong></span> 
     </span>
     <span class='ocr_line' id='line_1_24' title="bbox 212 2448 1004 2519; baseline -0.004 -15"><span class='ocrx_word' id='word_1_197' title='bbox 212 2450 341 2507; x_wconf 70' lang='lat' dir='ltr'><strong>remmus.</strong></span> <span class='ocrx_word' id='word_1_198' title='bbox 355 2449 409 2506; x_wconf 88' lang='lat' dir='ltr'><strong>Sed</strong></span> <span class='ocrx_word' id='word_1_199' title='bbox 423 2457 451 2507; x_wconf 90' lang='lat' dir='ltr'><strong>et</strong></span> <span class='ocrx_word' id='word_1_200' title='bbox 465 2464 537 2507; x_wconf 88' lang='lat' dir='ltr'><strong>nune</strong></span> <span class='ocrx_word' id='word_1_201' title='bbox 546 2463 615 2518; x_wconf 81' lang='lat' dir='ltr'><strong>guas</strong></span> <span class='ocrx_word' id='word_1_202' title='bbox 626 2448 708 2518; x_wconf 86' lang='lat' dir='ltr'><strong>legati</strong></span> <span class='ocrx_word' id='word_1_203' title='bbox 720 2449 803 2504; x_wconf 80' lang='lat' dir='ltr'><strong>vestri</strong></span> <span class='ocrx_word' id='word_1_204' title='bbox 813 2455 1004 2519; x_wconf 87' lang='lat' dir='ltr'><strong>poposcerunt,</strong></span> 
     </span>
     <span class='ocr_line' id='line_1_25' title="bbox 214 2537 1006 2608; baseline -0.003 -14"><span class='ocrx_word' id='word_1_205' title='bbox 214 2555 263 2595; x_wconf 81' lang='lat' dir='ltr'><strong>uos</strong></span> <span class='ocrx_word' id='word_1_206' title='bbox 277 2539 385 2597; x_wconf 86' lang='lat' dir='ltr'><strong>misisse</strong></span> <span class='ocrx_word' id='word_1_207' title='bbox 402 2538 551 2608; x_wconf 80' lang='lat' dir='ltr'><strong>signamus,</strong></span> <span class='ocrx_word' id='word_1_208' title='bbox 575 2537 736 2608; x_wconf 86' lang='lat' dir='ltr'><strong>deputantes</strong></span> <span class='ocrx_word' id='word_1_209' title='bbox 762 2537 1006 2595; x_wconf 82' lang='lat' dir='ltr'><strong>Hominembonum</strong></span> 
     </span>
    </p>
   </div>
   <div class='ocr_carea' id='block_1_9' title="bbox 1053 930 1863 2619">
    <p class='ocr_par' dir='ltr' id='par_1_9' title="bbox 1053 930 1846 1284">
     <span class='ocr_line' id='line_1_26' title="bbox 1053 930 1844 1003; baseline 0.005 -20"><span class='ocrx_word' id='word_1_210' title='bbox 1053 933 1135 988; x_wconf 80' lang='lat' dir='ltr'><strong>uerba</strong></span> <span class='ocrx_word' id='word_1_211' title='bbox 1152 933 1224 987; x_wconf 81' lang='lat' dir='ltr'><strong>serbi</strong></span> <span class='ocrx_word' id='word_1_212' title='bbox 1239 933 1324 1003; x_wconf 88' lang='lat' dir='ltr'><strong>gratia</strong></span> <span class='ocrx_word' id='word_1_213' title='bbox 1338 932 1443 987; x_wconf 88' lang='lat' dir='ltr'><strong>nonnisi</strong></span> <span class='ocrx_word' id='word_1_214' title='bbox 1457 932 1489 987; x_wconf 89' lang='lat' dir='ltr'><strong>ad</strong></span> <span class='ocrx_word' id='word_1_215' title='bbox 1507 932 1696 1002; x_wconf 80' lang='lat' dir='ltr'><strong>irruperatoretn</strong></span> <span class='ocrx_word' id='word_1_216' title='bbox 1711 930 1844 987; x_wconf 82' lang='lat' dir='ltr'><strong>Constan-</strong></span> 
     </span>
     <span class='ocr_line' id='line_1_27' title="bbox 1054 1001 1845 1074; baseline -0.004 -18"><span class='ocrx_word' id='word_1_217' title='bbox 1054 1003 1260 1072; x_wconf 86' lang='lat' dir='ltr'><strong>tinopolitannm</strong></span> <span class='ocrx_word' id='word_1_218' title='bbox 1274 1002 1371 1071; x_wconf 85' lang='lat' dir='ltr'><strong>scripta</strong></span> <span class='ocrx_word' id='word_1_219' title='bbox 1382 1011 1462 1057; x_wconf 85' lang='lat' dir='ltr'><strong>snm:</strong></span> <span class='ocrx_word' id='word_1_220' title='bbox 1478 1001 1609 1073; x_wconf 85' lang='lat' dir='ltr'><strong>Hrecipso</strong></span> <span class='ocrx_word' id='word_1_221' title='bbox 1622 1004 1660 1056; x_wconf 89' lang='lat' dir='ltr'><strong>ito</strong></span> <span class='ocrx_word' id='word_1_222' title='bbox 1670 1003 1845 1074; x_wconf 80' lang='lat' dir='ltr'><strong>contigerunt,</strong></span> 
     </span>
     <span class='ocr_line' id='line_1_28' title="bbox 1053 1075 1846 1144; baseline -0.001 -19"><span class='ocrx_word' id='word_1_223' title='bbox 1053 1083 1082 1126; x_wconf 86' lang='lat' dir='ltr'><strong>ut</strong></span> <span class='ocrx_word' id='word_1_224' title='bbox 1097 1089 1154 1127; x_wconf 85' lang='lat' dir='ltr'><strong>cum</strong></span> <span class='ocrx_word' id='word_1_225' title='bbox 1168 1082 1335 1143; x_wconf 78' lang='lat' dir='ltr'><strong>potestestas</strong></span> <span class='ocrx_word' id='word_1_226' title='bbox 1353 1075 1566 1129; x_wconf 82' lang='lat' dir='ltr'><strong>clementissimus</strong></span> <span class='ocrx_word' id='word_1_227' title='bbox 1593 1075 1733 1144; x_wconf 79' lang='lat' dir='ltr'><strong>imperator</strong></span> <span class='ocrx_word' id='word_1_228' title='bbox 1756 1088 1846 1127; x_wconf 82' lang='lat' dir='ltr'><strong>omnes</strong></span> 
     </span>
     <span class='ocr_line' id='line_1_29' title="bbox 1054 1142 1846 1214; baseline 0.004 -20"><span class='ocrx_word' id='word_1_229' title='bbox 1054 1144 1164 1199; x_wconf 82' lang='lat' dir='ltr'><strong>lrccreses</strong></span> <span class='ocrx_word' id='word_1_230' title='bbox 1176 1159 1234 1214; x_wconf 80' lang='lat' dir='ltr'><strong>nuce</strong></span> <span class='ocrx_word' id='word_1_231' title='bbox 1247 1142 1417 1198; x_wconf 87' lang='lat' dir='ltr'><strong>Constantino</strong></span> <span class='ocrx_word' id='word_1_232' title='bbox 1437 1145 1471 1198; x_wconf 91' lang='lat' dir='ltr'><strong>oli</strong></span> <span class='ocrx_word' id='word_1_233' title='bbox 1485 1145 1617 1213; x_wconf 87' lang='lat' dir='ltr'><strong>episcopos</strong></span> <span class='ocrx_word' id='word_1_234' title='bbox 1636 1160 1697 1198; x_wconf 86' lang='lat' dir='ltr'><strong>suos</strong></span> <span class='ocrx_word' id='word_1_235' title='bbox 1719 1152 1744 1197; x_wconf 85' lang='lat' dir='ltr'><strong>et</strong></span> <span class='ocrx_word' id='word_1_236' title='bbox 1761 1142 1846 1197; x_wconf 83' lang='lat' dir='ltr'><strong>cccle-</strong></span> 
     </span>
     <span class='ocr_line' id='line_1_30' title="bbox 1053 1162 1846 1284; baseline -0.003 -17"><span class='ocrx_word' id='word_1_237' title='bbox 1053 1216 1118 1275; x_wconf 90' lang='lat' dir='ltr'><strong>sias,</strong></span> <span class='ocrx_word' id='word_1_238' title='bbox 1129 1230 1186 1267; x_wconf 86' lang='lat' dir='ltr'><strong>cam</strong></span> <span class='ocrx_word' id='word_1_239' title='bbox 1200 1214 1301 1284; x_wconf 78' lang='lat' dir='ltr'><strong>maguis</strong></span> <span class='ocrx_word' id='word_1_240' title='bbox 1314 1162 1458 1267; x_wconf 48' lang='lat' dir='ltr'><strong>redditih&#39;us</strong></span> <span class='ocrx_word' id='word_1_241' title='bbox 1471 1225 1495 1267; x_wconf 87' lang='lat' dir='ltr'><strong>et</strong></span> <span class='ocrx_word' id='word_1_242' title='bbox 1508 1230 1629 1275; x_wconf 85' lang='lat' dir='ltr'><strong>uasorum</strong></span> <span class='ocrx_word' id='word_1_243' title='bbox 1642 1213 1789 1268; x_wconf 75' lang='lat' dir='ltr'><strong>diuersitate</strong></span> <span class='ocrx_word' id='word_1_244' title='bbox 1799 1228 1846 1265; x_wconf 84' lang='lat' dir='ltr'><strong>ss·</strong></span> 
     </span>
    </p>

    <p class='ocr_par' dir='ltr' id='par_1_10' title="bbox 1054 1280 1863 2619">
     <span class='ocr_line' id='line_1_31' title="bbox 1088 1280 1863 1354; baseline -0.006 -16"><span class='ocrx_word' id='word_1_245' title='bbox 1088 1283 1145 1338; x_wconf 81' lang='lat' dir='ltr'><strong>cad</strong></span> <span class='ocrx_word' id='word_1_246' title='bbox 1154 1293 1269 1354; x_wconf 87' lang='lat' dir='ltr'><strong>tempore</strong></span> <span class='ocrx_word' id='word_1_247' title='bbox 1276 1284 1379 1352; x_wconf 84' lang='lat' dir='ltr'><strong>irnperli</strong></span> <span class='ocrx_word' id='word_1_248' title='bbox 1387 1292 1442 1351; x_wconf 74' lang='lat' dir='ltr'><strong>elas</strong></span> <span class='ocrx_word' id='word_1_249' title='bbox 1453 1284 1605 1347; x_wconf 83' lang='lat' dir='ltr'><strong>imbraeraat,</strong></span> <span class='ocrx_word' id='word_1_250' title='bbox 1614 1284 1731 1337; x_wconf 81' lang='lat' dir='ltr'><strong>cocrtoit</strong></span> <span class='ocrx_word' id='word_1_251' title='bbox 1740 1293 1776 1348; x_wconf 86' lang='lat' dir='ltr'><strong>et,</strong></span> <span class='ocrx_word' id='word_1_252' title='bbox 1786 1280 1863 1341; x_wconf 73' lang='lat' dir='ltr'><strong>sub-¹</strong></span> 
     </span>
     <span class='ocr_line' id='line_1_32' title="bbox 1065 1352 1847 1424; baseline -0.004 -17"><span class='ocrx_word' id='word_1_253' title='bbox 1065 1356 1114 1409; x_wconf 86' lang='lat' dir='ltr'><strong>atis</strong></span> <span class='ocrx_word' id='word_1_254' title='bbox 1128 1352 1242 1409; x_wconf 70' lang='lat' dir='ltr'><strong>basilicis</strong></span> <span class='ocrx_word' id='word_1_255' title='bbox 1255 1369 1344 1408; x_wconf 82' lang='lat' dir='ltr'><strong>comm</strong></span> <span class='ocrx_word' id='word_1_256' title='bbox 1356 1365 1432 1423; x_wconf 84' lang='lat' dir='ltr'><strong>elprae</strong></span> <span class='ocrx_word' id='word_1_257' title='bbox 1443 1353 1594 1416; x_wconf 87' lang='lat' dir='ltr'><strong>redditibus,</strong></span> <span class='ocrx_word' id='word_1_258' title='bbox 1611 1353 1777 1424; x_wconf 80' lang='lat' dir='ltr'><strong>omnibusque</strong></span> <span class='ocrx_word' id='word_1_259' title='bbox 1787 1353 1847 1406; x_wconf 82' lang='lat' dir='ltr'><strong>aliis</strong></span> 
     </span>
     <span class='ocr_line' id='line_1_33' title="bbox 1054 1421 1847 1488; baseline -0.006 -8"><span class='ocrx_word' id='word_1_260' title='bbox 1054 1423 1277 1488; x_wconf 69' lang='lat' dir='ltr'><strong>novocomensis,</strong></span> <span class='ocrx_word' id='word_1_261' title='bbox 1288 1424 1435 1478; x_wconf 82' lang='lat' dir='ltr'><strong>tradiderit.</strong></span> <span class='ocrx_word' id='word_1_262' title='bbox 1443 1423 1551 1480; x_wconf 84' lang='lat' dir='ltr'><strong>Certum</strong></span> <span class='ocrx_word' id='word_1_263' title='bbox 1561 1431 1603 1478; x_wconf 91' lang='lat' dir='ltr'><strong>est</strong></span> <span class='ocrx_word' id='word_1_264' title='bbox 1613 1433 1702 1479; x_wconf 86' lang='lat' dir='ltr'><strong>antem</strong></span> <span class='ocrx_word' id='word_1_265' title='bbox 1712 1421 1847 1477; x_wconf 85' lang='lat' dir='ltr'><strong>lustinum</strong></span> 
     </span>
     <span class='ocr_line' id='line_1_34' title="bbox 1054 1492 1846 1551; baseline -0.006 -1"><span class='ocrx_word' id='word_1_266' title='bbox 1054 1493 1196 1550; x_wconf 90' lang='lat' dir='ltr'><strong>Seniorem</strong></span> <span class='ocrx_word' id='word_1_267' title='bbox 1220 1494 1409 1551; x_wconf 75' lang='lat' dir='ltr'><strong>baereticorum</strong></span> <span class='ocrx_word' id='word_1_268' title='bbox 1432 1493 1559 1549; x_wconf 87' lang='lat' dir='ltr'><strong>basilicas</strong></span> <span class='ocrx_word' id='word_1_269' title='bbox 1579 1492 1738 1549; x_wconf 89' lang='lat' dir='ltr'><strong>ortbodoxis</strong></span> <span class='ocrx_word' id='word_1_270' title='bbox 1761 1492 1846 1547; x_wconf 88' lang='lat' dir='ltr'><strong>tradi-</strong></span> 
     </span>
     <span class='ocr_line' id='line_1_35' title="bbox 1055 1562 1847 1634; baseline -0.001 -14"><span class='ocrx_word' id='word_1_271' title='bbox 1055 1565 1136 1628; x_wconf 88' lang='lat' dir='ltr'><strong>disse,</strong></span> <span class='ocrx_word' id='word_1_272' title='bbox 1160 1572 1188 1620; x_wconf 90' lang='lat' dir='ltr'><strong>et</strong></span> <span class='ocrx_word' id='word_1_273' title='bbox 1211 1563 1390 1619; x_wconf 87' lang='lat' dir='ltr'><strong>lastinianum</strong></span> <span class='ocrx_word' id='word_1_274' title='bbox 1406 1564 1465 1634; x_wconf 80' lang='lat' dir='ltr'><strong>ejus</strong></span> <span class='ocrx_word' id='word_1_275' title='bbox 1480 1564 1562 1619; x_wconf 88' lang='lat' dir='ltr'><strong>lilium</strong></span> <span class='ocrx_word' id='word_1_276' title='bbox 1575 1564 1729 1634; x_wconf 85' lang='lat' dir='ltr'><strong>adoptivum</strong></span> <span class='ocrx_word' id='word_1_277' title='bbox 1744 1562 1847 1626; x_wconf 76' lang='lat' dir='ltr'><strong>luisse:</strong></span> 
     </span>
     <span class='ocr_line' id='line_1_36' title="bbox 1055 1632 1848 1703; baseline -0.005 -12"><span class='ocrx_word' id='word_1_278' title='bbox 1055 1650 1116 1691; x_wconf 86' lang='lat' dir='ltr'><strong>cum</strong></span> <span class='ocrx_word' id='word_1_279' title='bbox 1129 1643 1223 1690; x_wconf 88' lang='lat' dir='ltr'><strong>contra</strong></span> <span class='ocrx_word' id='word_1_280' title='bbox 1236 1634 1390 1691; x_wconf 72' lang='lat' dir='ltr'><strong>clodoveus</strong></span> <span class='ocrx_word' id='word_1_281' title='bbox 1401 1633 1511 1703; x_wconf 85' lang='lat' dir='ltr'><strong>blagnus</strong></span> <span class='ocrx_word' id='word_1_282' title='bbox 1520 1632 1685 1689; x_wconf 86' lang='lat' dir='ltr'><strong>Cbildeberti</strong></span> <span class='ocrx_word' id='word_1_283' title='bbox 1698 1643 1785 1703; x_wconf 84' lang='lat' dir='ltr'><strong>pater,</strong></span> <span class='ocrx_word' id='word_1_284' title='bbox 1797 1647 1848 1687; x_wconf 89' lang='lat' dir='ltr'><strong>nec</strong></span> 
     </span>
     <span class='ocr_line' id='line_1_37' title="bbox 1055 1701 1849 1775; baseline -0.001 -17"><span class='ocrx_word' id='word_1_285' title='bbox 1055 1705 1205 1775; x_wconf 89' lang='lat' dir='ltr'><strong>appellatus</strong></span> <span class='ocrx_word' id='word_1_286' title='bbox 1230 1710 1274 1760; x_wconf 91' lang='lat' dir='ltr'><strong>est</strong></span> <span class='ocrx_word' id='word_1_287' title='bbox 1297 1705 1453 1774; x_wconf 84' lang='lat' dir='ltr'><strong>imperator,</strong></span> <span class='ocrx_word' id='word_1_288' title='bbox 1478 1704 1625 1775; x_wconf 78' lang='lat' dir='ltr'><strong>presertim</strong></span> <span class='ocrx_word' id='word_1_289' title='bbox 1647 1701 1849 1773; x_wconf 82' lang='lat' dir='ltr'><strong>apoutihcibss</strong></span> 
     </span>
     <span class='ocr_line' id='line_1_38' title="bbox 1058 1774 1849 1846; baseline -0.004 -17"><span class='ocrx_word' id='word_1_290' title='bbox 1058 1774 1203 1837; x_wconf 79' lang='lat' dir='ltr'><strong>Rauranis,</strong></span> <span class='ocrx_word' id='word_1_291' title='bbox 1219 1790 1306 1843; x_wconf 75' lang='lat' dir='ltr'><strong>neque</strong></span> <span class='ocrx_word' id='word_1_292' title='bbox 1315 1776 1411 1846; x_wconf 89' lang='lat' dir='ltr'><strong>aliquis</strong></span> <span class='ocrx_word' id='word_1_293' title='bbox 1425 1774 1587 1830; x_wconf 84' lang='lat' dir='ltr'><strong>Francorum</strong></span> <span class='ocrx_word' id='word_1_294' title='bbox 1598 1790 1646 1830; x_wconf 87' lang='lat' dir='ltr'><strong>rex</strong></span> <span class='ocrx_word' id='word_1_295' title='bbox 1660 1774 1849 1829; x_wconf 76' lang='lat' dir='ltr'><strong>baereticorum</strong></span> 
     </span>
     <span class='ocr_line' id='line_1_39' title="bbox 1057 1843 1848 1915; baseline -0.005 -14"><span class='ocrx_word' id='word_1_296' title='bbox 1057 1845 1187 1901; x_wconf 88' lang='lat' dir='ltr'><strong>eeclesias</strong></span> <span class='ocrx_word' id='word_1_297' title='bbox 1212 1844 1447 1914; x_wconf 88' lang='lat' dir='ltr'><strong>Constantinopoli</strong></span> <span class='ocrx_word' id='word_1_298' title='bbox 1475 1854 1598 1900; x_wconf 84' lang='lat' dir='ltr'><strong>evertere</strong></span> <span class='ocrx_word' id='word_1_299' title='bbox 1623 1845 1720 1915; x_wconf 88' lang='lat' dir='ltr'><strong>potuit.</strong></span> <span class='ocrx_word' id='word_1_300' title='bbox 1737 1843 1776 1897; x_wconf 84' lang='lat' dir='ltr'><strong>ad</strong></span> <span class='ocrx_word' id='word_1_301' title='bbox 1790 1844 1848 1898; x_wconf 71' lang='lat' dir='ltr'><strong>baec</strong></span> 
     </span>
     <span class='ocr_line' id='line_1_40' title="bbox 1058 1913 1847 1985; baseline -0.003 -16"><span class='ocrx_word' id='word_1_302' title='bbox 1058 1924 1154 1972; x_wconf 82' lang='lat' dir='ltr'><strong>auctor</strong></span> <span class='ocrx_word' id='word_1_303' title='bbox 1180 1915 1251 1970; x_wconf 88' lang='lat' dir='ltr'><strong>illius</strong></span> <span class='ocrx_word' id='word_1_304' title='bbox 1277 1915 1399 1985; x_wconf 67' lang='lat' dir='ltr'><strong>epistolae</strong></span> <span class='ocrx_word' id='word_1_305' title='bbox 1422 1913 1491 1969; x_wconf 88' lang='lat' dir='ltr'><strong>inira</strong></span> <span class='ocrx_word' id='word_1_306' title='bbox 1513 1914 1632 1970; x_wconf 87' lang='lat' dir='ltr'><strong>ostendit</strong></span> <span class='ocrx_word' id='word_1_307' title='bbox 1657 1916 1847 1985; x_wconf 87' lang='lat' dir='ltr'><strong>imperatorem</strong></span> 
     </span>
     <span class='ocr_line' id='line_1_41' title="bbox 1057 1983 1847 2055; baseline -0.003 -16"><span class='ocrx_word' id='word_1_308' title='bbox 1057 2001 1138 2051; x_wconf 84' lang='lat' dir='ltr'><strong>ouem</strong></span> <span class='ocrx_word' id='word_1_309' title='bbox 1153 1985 1299 2055; x_wconf 86' lang='lat' dir='ltr'><strong>alloquitur</strong></span> <span class='ocrx_word' id='word_1_310' title='bbox 1311 1985 1394 2040; x_wconf 88' lang='lat' dir='ltr'><strong>alium</strong></span> <span class='ocrx_word' id='word_1_311' title='bbox 1409 2002 1463 2041; x_wconf 93' lang='lat' dir='ltr'><strong>non</strong></span> <span class='ocrx_word' id='word_1_312' title='bbox 1478 1999 1631 2053; x_wconf 87' lang='lat' dir='ltr'><strong>essequam</strong></span> <span class='ocrx_word' id='word_1_313' title='bbox 1644 1983 1824 2041; x_wconf 84' lang='lat' dir='ltr'><strong>lastinianmu</strong></span> <span class='ocrx_word' id='word_1_314' title='bbox 1840 2002 1847 2037; x_wconf 72' lang='grc' dir='ltr'>ι</span> 
     </span>
     <span class='ocr_line' id='line_1_42' title="bbox 1060 2053 1848 2125; baseline -0.004 -16"><span class='ocrx_word' id='word_1_315' title='bbox 1060 2054 1095 2109; x_wconf 84' lang='grc' dir='ltr'><strong>ιιι</strong></span> <span class='ocrx_word' id='word_1_316' title='bbox 1107 2065 1193 2109; x_wconf 83' lang='lat' dir='ltr'><strong>autem</strong></span> <span class='ocrx_word' id='word_1_317' title='bbox 1207 2071 1254 2110; x_wconf 87' lang='lat' dir='ltr'><strong>nos</strong></span> <span class='ocrx_word' id='word_1_318' title='bbox 1264 2055 1308 2109; x_wconf 86' lang='lat' dir='ltr'><strong>diss</strong></span> <span class='ocrx_word' id='word_1_319' title='bbox 1322 2055 1500 2110; x_wconf 71' lang='lat' dir='ltr'><strong>tribulationes</strong></span> <span class='ocrx_word' id='word_1_320' title='bbox 1510 2053 1733 2125; x_wconf 81' lang='lat' dir='ltr'><strong>Constantinopoli</strong></span> <span class='ocrx_word' id='word_1_321' title='bbox 1747 2062 1848 2125; x_wconf 83' lang='lat' dir='ltr'><strong>patere·</strong></span> 
     </span>
     <span class='ocr_line' id='line_1_43' title="bbox 1058 2124 1849 2248; baseline 0 -70"><span class='ocrx_word' id='word_1_322' title='bbox 1058 2141 1127 2192; x_wconf 82' lang='lat' dir='ltr'><strong>nurr,</strong></span> <span class='ocrx_word' id='word_1_323' title='bbox 1140 2127 1188 2179; x_wconf 88' lang='lat' dir='ltr'><strong>illa</strong></span> <span class='ocrx_word' id='word_1_324' title='bbox 1211 2142 1254 2181; x_wconf 87' lang='lat' dir='ltr'><strong>res</strong></span> <span class='ocrx_word' id='word_1_325' title='bbox 1274 2127 1334 2196; x_wconf 72' lang='lat' dir='ltr'><strong>lecit</strong></span> <span class='ocrx_word' id='word_1_326' title='bbox 1354 2142 1432 2197; x_wconf 70' lang='lat' dir='ltr'><strong>mom</strong></span> <span class='ocrx_word' id='word_1_327' title='bbox 1445 2124 1554 2179; x_wconf 81' lang='lat' dir='ltr'><strong>breuiter</strong></span> <span class='ocrx_word' id='word_1_328' title='bbox 1564 2128 1681 2248; x_wconf 53' lang='lat' dir='ltr'><strong>ruferius</strong></span> <span class='ocrx_word' id='word_1_329' title='bbox 1696 2125 1824 2196; x_wconf 76' lang='lat' dir='ltr'><strong>tetigimus</strong></span> <span class='ocrx_word' id='word_1_330' title='bbox 1839 2139 1849 2178; x_wconf 92' lang='grc'><strong>.·</strong></span> 
     </span>
     <span class='ocr_line' id='line_1_44' title="bbox 1057 2195 1849 2278; baseline 0.004 -30"><span class='ocrx_word' id='word_1_331' title='bbox 1057 2196 1180 2278; x_wconf 77' lang='lat' dir='ltr'><strong>quoniam</strong></span> <span class='ocrx_word' id='word_1_332' title='bbox 1193 2197 1292 2250; x_wconf 80' lang='lat' dir='ltr'><strong>oisemo</strong></span> <span class='ocrx_word' id='word_1_333' title='bbox 1315 2195 1431 2267; x_wconf 78' lang='lat' dir='ltr'><strong>Augusto</strong></span> <span class='ocrx_word' id='word_1_334' title='bbox 1455 2200 1564 2266; x_wconf 81' lang='lat' dir='ltr'><strong>(nernpe</strong></span> <span class='ocrx_word' id='word_1_335' title='bbox 1613 2197 1741 2259; x_wconf 89' lang='lat' dir='ltr'><strong>heodora,</strong></span> <span class='ocrx_word' id='word_1_336' title='bbox 1767 2207 1849 2263; x_wconf 76' lang='lat' dir='ltr'><strong>quatu</strong></span> 
     </span>
     <span class='ocr_line' id='line_1_45' title="bbox 1055 2263 1849 2337; baseline -0.003 -18"><span class='ocrx_word' id='word_1_337' title='bbox 1055 2280 1111 2335; x_wconf 73' lang='lat' dir='ltr'><strong>garn</strong></span> <span class='ocrx_word' id='word_1_338' title='bbox 1125 2269 1151 2319; x_wconf 90' lang='lat' dir='ltr'><strong>in</strong></span> <span class='ocrx_word' id='word_1_339' title='bbox 1166 2266 1260 2321; x_wconf 88' lang='lat' dir='ltr'><strong>eadem</strong></span> <span class='ocrx_word' id='word_1_340' title='bbox 1275 2266 1389 2336; x_wconf 67' lang='lat' dir='ltr'><strong>epistola</strong></span> <span class='ocrx_word' id='word_1_341' title='bbox 1402 2266 1565 2336; x_wconf 85' lang='lat' dir='ltr'><strong>nominarat)</strong></span> <span class='ocrx_word' id='word_1_342' title='bbox 1580 2266 1640 2337; x_wconf 84' lang='lat' dir='ltr'><strong>quid</strong></span> <span class='ocrx_word' id='word_1_343' title='bbox 1658 2265 1703 2319; x_wconf 88' lang='lat' dir='ltr'><strong>uid</strong></span> <span class='ocrx_word' id='word_1_344' title='bbox 1725 2267 1751 2319; x_wconf 83' lang='lat' dir='ltr'><strong>ia</strong></span> <span class='ocrx_word' id='word_1_345' title='bbox 1765 2263 1849 2317; x_wconf 87' lang='lat' dir='ltr'><strong>ecclc·</strong></span> 
     </span>
     <span class='ocr_line' id='line_1_46' title="bbox 1057 2331 1850 2406; baseline -0.004 -16"><span class='ocrx_word' id='word_1_346' title='bbox 1057 2337 1171 2390; x_wconf 88' lang='lat' dir='ltr'><strong>siasticis</strong></span> <span class='ocrx_word' id='word_1_347' title='bbox 1184 2337 1269 2390; x_wconf 85' lang='lat' dir='ltr'><strong>causis</strong></span> <span class='ocrx_word' id='word_1_348' title='bbox 1283 2334 1440 2401; x_wconf 86' lang='lat' dir='ltr'><strong>mouebatur,</strong></span> <span class='ocrx_word' id='word_1_349' title='bbox 1452 2346 1596 2406; x_wconf 89' lang='lat' dir='ltr'><strong>suspectum</strong></span> <span class='ocrx_word' id='word_1_350' title='bbox 1610 2338 1643 2389; x_wconf 92' lang='lat' dir='ltr'><strong>ho</strong></span> <span class='ocrx_word' id='word_1_351' title='bbox 1668 2337 1755 2389; x_wconf 80' lang='lat' dir='ltr'><strong>aionas.</strong></span> <span class='ocrx_word' id='word_1_352' title='bbox 1779 2331 1803 2385; x_wconf 87' lang='lat' dir='ltr'><em>N</em></span> <span class='ocrx_word' id='word_1_353' title='bbox 1806 2350 1850 2387; x_wconf 88' lang='lat' dir='ltr'><strong>am</strong></span> 
     </span>
     <span class='ocr_line' id='line_1_47' title="bbox 1057 2404 1851 2476; baseline 0 -18"><span class='ocrx_word' id='word_1_354' title='bbox 1057 2415 1227 2475; x_wconf 83' lang='lat' dir='ltr'><strong>paternoster</strong></span> <span class='ocrx_word' id='word_1_355' title='bbox 1240 2407 1617 2476; x_wconf 76' lang='lat' dir='ltr'><strong>clerraentissintusimpcrotor,</strong></span> <span class='ocrx_word' id='word_1_356' title='bbox 1630 2416 1656 2460; x_wconf 88' lang='lat' dir='ltr'><strong>et</strong></span> <span class='ocrx_word' id='word_1_357' title='bbox 1678 2404 1746 2459; x_wconf 88' lang='lat' dir='ltr'><strong>beati</strong></span> <span class='ocrx_word' id='word_1_358' title='bbox 1773 2420 1851 2473; x_wconf 76' lang='lat' dir='ltr'><strong>popae</strong></span> 
     </span>
     <span class='ocr_line' id='line_1_48' title="bbox 1058 2473 1853 2556; baseline 0.004 -26"><span class='ocrx_word' id='word_1_359' title='bbox 1058 2474 1153 2531; x_wconf 76' lang='lat' dir='ltr'><strong>broma</strong></span> <span class='ocrx_word' id='word_1_360' title='bbox 1168 2477 1273 2548; x_wconf 76' lang='lat' dir='ltr'><strong>dapnis,</strong></span> <span class='ocrx_word' id='word_1_361' title='bbox 1295 2486 1319 2531; x_wconf 87' lang='lat' dir='ltr'><strong>et</strong></span> <span class='ocrx_word' id='word_1_362' title='bbox 1344 2474 1560 2530; x_wconf 77' lang='lat' dir='ltr'><strong>Chalcedonensis</strong></span> <span class='ocrx_word' id='word_1_363' title='bbox 1580 2476 1673 2547; x_wconf 77' lang='lat' dir='ltr'><strong>synodi</strong></span> <span class='ocrx_word' id='word_1_364' title='bbox 1683 2476 1765 2556; x_wconf 73' lang='lat' dir='ltr'><strong>fidem</strong></span> <span class='ocrx_word' id='word_1_365' title='bbox 1779 2473 1853 2533; x_wconf 76' lang='lat' dir='ltr'><strong>nullo</strong></span> 
     </span>
     <span class='ocr_line' id='line_1_49' title="bbox 1058 2544 1851 2619; baseline -0.001 -20"><span class='ocrx_word' id='word_1_366' title='bbox 1058 2547 1135 2603; x_wconf 88' lang='lat' dir='ltr'><strong>modo</strong></span> <span class='ocrx_word' id='word_1_367' title='bbox 1145 2564 1258 2619; x_wconf 79' lang='lat' dir='ltr'><strong>uuquam</strong></span> <span class='ocrx_word' id='word_1_368' title='bbox 1267 2549 1366 2618; x_wconf 88' lang='lat' dir='ltr'><strong>patitur</strong></span> <span class='ocrx_word' id='word_1_369' title='bbox 1380 2545 1482 2601; x_wconf 82' lang='lat' dir='ltr'><strong>uiolari.</strong></span> <span class='ocrx_word' id='word_1_370' title='bbox 1498 2544 1548 2601; x_wconf 90' lang='lat' dir='ltr'><strong>Ubi</strong></span> <span class='ocrx_word' id='word_1_371' title='bbox 1561 2547 1620 2602; x_wconf 89' lang='lat' dir='ltr'><strong>loco</strong></span> <span class='ocrx_word' id='word_1_372' title='bbox 1634 2555 1733 2616; x_wconf 81' lang='lat' dir='ltr'><strong>putatur</strong></span> <span class='ocrx_word' id='word_1_373' title='bbox 1758 2546 1851 2612; x_wconf 83' lang='lat' dir='ltr'><strong>legen-</strong></span> 
     </span>
    </p>
   </div>
   <div class='ocr_carea' id='block_1_10' title="bbox 212 2615 1850 2698">
    <p class='ocr_par' dir='ltr' id='par_1_11' title="bbox 212 2615 1850 2698">
     <span class='ocr_line' id='line_1_50' title="bbox 212 2615 1850 2698; baseline -0.003 -26"><span class='ocrx_word' id='word_1_374' title='bbox 212 2628 409 2687; x_wconf 60' lang='lat' dir='ltr'><strong>,pentagonum</strong></span> <span class='ocrx_word' id='word_1_375' title='bbox 423 2643 458 2683; x_wconf 59' lang='grc' dir='ltr'><strong>εχ</strong></span> <span class='ocrx_word' id='word_1_376' title='bbox 471 2628 545 2684; x_wconf 65' lang='lat'><strong>01010</strong></span> <span class='ocrx_word' id='word_1_377' title='bbox 557 2626 685 2684; x_wconf 62' lang='lat' dir='ltr'><strong>Eoelggiae</strong></span> <span class='ocrx_word' id='word_1_378' title='bbox 698 2635 807 2693; x_wconf 62' lang='lat' dir='ltr'><strong>possm,</strong></span> <span class='ocrx_word' id='word_1_379' title='bbox 823 2643 839 2682; x_wconf 67' lang='lat' dir='ltr'><strong>a</strong></span> <span class='ocrx_word' id='word_1_380' title='bbox 853 2642 907 2698; x_wconf 72' lang='lat' dir='ltr'><strong>quo</strong></span> <span class='ocrx_word' id='word_1_381' title='bbox 923 2642 1008 2697; x_wconf 63' lang='lat' dir='ltr'><strong>usque</strong></span> <span class='ocrx_word' id='word_1_382' title='bbox 1058 2616 1122 2671; x_wconf 90' lang='lat' dir='ltr'><strong>dum</strong></span> <span class='ocrx_word' id='word_1_383' title='bbox 1136 2634 1228 2687; x_wconf 88' lang='lat' dir='ltr'><strong>possus</strong></span> <span class='ocrx_word' id='word_1_384' title='bbox 1242 2627 1290 2671; x_wconf 86' lang='lat' dir='ltr'><strong>est.</strong></span> <span class='ocrx_word' id='word_1_385' title='bbox 1306 2617 1384 2672; x_wconf 84' lang='lat' dir='ltr'><strong>Mitto</strong></span> <span class='ocrx_word' id='word_1_386' title='bbox 1397 2616 1448 2670; x_wconf 89' lang='lat' dir='ltr'><strong>alia</strong></span> <span class='ocrx_word' id='word_1_387' title='bbox 1464 2616 1490 2669; x_wconf 91' lang='lat' dir='ltr'><strong>in</strong></span> <span class='ocrx_word' id='word_1_388' title='bbox 1509 2631 1541 2670; x_wconf 92' lang='lat' dir='ltr'><strong>ea</strong></span> <span class='ocrx_word' id='word_1_389' title='bbox 1568 2615 1682 2685; x_wconf 88' lang='lat' dir='ltr'><strong>epistola</strong></span> <span class='ocrx_word' id='word_1_390' title='bbox 1702 2623 1850 2670; x_wconf 83' lang='lat' dir='ltr'><strong>memorata</strong></span> 
     </span>
    </p>
   </div>
   <div class='ocr_carea' id='block_1_11' title="bbox 213 2684 1853 2897">
    <p class='ocr_par' dir='ltr' id='par_1_12' title="bbox 213 2684 1853 2897">
     <span class='ocr_line' id='line_1_51' title="bbox 213 2684 1852 2828; baseline -0.002 -16"><span class='ocrx_word' id='word_1_391' title='bbox 213 2720 248 2775; x_wconf 66' lang='lat'><strong>²⁶</strong></span> <span class='ocrx_word' id='word_1_392' title='bbox 271 2719 381 2775; x_wconf 57' lang='lat' dir='ltr'><strong>“imm</strong></span> <span class='ocrx_word' id='word_1_393' title='bbox 407 2728 436 2774; x_wconf 69' lang='lat'><strong>0‘</strong></span> <span class='ocrx_word' id='word_1_394' title='bbox 459 2719 648 2789; x_wconf 73' lang='lat' dir='ltr'><strong>⁰⁰⁰t¹⁵⁰⁰t¹¹¹⁰</strong></span> <span class='ocrx_word' id='word_1_395' title='bbox 662 2727 786 2774; x_wconf 58' lang='lat' dir='ltr'><strong>¹¹⁰⁵D¹¹¹</strong></span> <span class='ocrx_word' id='word_1_396' title='bbox 798 2718 952 2790; x_wconf 64' lang='lat' dir='ltr'><strong>⁸²t³¹¹d¹¹¹⁰</strong></span> <span class='ocrx_word' id='word_1_397' title='bbox 964 2720 1008 2789; x_wconf 67' lang='lat'><strong>1¹¹·</strong></span> <span class='ocrx_word' id='word_1_398' title='bbox 1058 2684 1852 2828; x_wconf 61' lang='lat' dir='ltr'><strong>iiiiiiliilliii&#39;iiiililiiihiiliiiiilii</strong></span> 
     </span>
     <span class='ocr_line' id='line_1_52' title="bbox 214 2807 1853 2897; baseline 0 -14"><span class='ocrx_word' id='word_1_399' title='bbox 214 2811 297 2866; x_wconf 59' lang='lat' dir='ltr'><strong>¹³⁰⁰oe</strong></span> <span class='ocrx_word' id='word_1_400' title='bbox 319 2807 435 2867; x_wconf 65' lang='lat'><strong>⁰⁰¹⁰¹¹¹⁰</strong></span> <span class='ocrx_word' id='word_1_401' title='bbox 451 2807 618 2864; x_wconf 59' lang='lat' dir='ltr'><strong>disfflmui·</strong></span> <span class='ocrx_word' id='word_1_402' title='bbox 643 2808 709 2865; x_wconf 69' lang='lat'><strong>⁰³¹³</strong></span> <span class='ocrx_word' id='word_1_403' title='bbox 719 2825 747 2865; x_wconf 87' lang='lat'><strong>¹¹¹</strong></span> <span class='ocrx_word' id='word_1_404' title='bbox 763 2810 823 2866; x_wconf 60' lang='lat'><strong>5⁶⁰⁵</strong></span> <span class='ocrx_word' id='word_1_405' title='bbox 832 2809 1012 2887; x_wconf 47' lang='lat' dir='ltr'><strong>Decembres»</strong></span> <span class='ocrx_word' id='word_1_406' title='bbox 1058 2827 1154 2882; x_wconf 89' lang='lat' dir='ltr'><strong>ditum.</strong></span> <span class='ocrx_word' id='word_1_407' title='bbox 1184 2825 1305 2897; x_wconf 81' lang='lat' dir='ltr'><strong>lienique</strong></span> <span class='ocrx_word' id='word_1_408' title='bbox 1329 2828 1400 2883; x_wconf 89' lang='lat' dir='ltr'><strong>inter</strong></span> <span class='ocrx_word' id='word_1_409' title='bbox 1428 2834 1519 2897; x_wconf 86' lang='lat' dir='ltr'><strong>partes</strong></span> <span class='ocrx_word' id='word_1_410' title='bbox 1544 2836 1610 2892; x_wconf 88' lang='lat' dir='ltr'><strong>tres,</strong></span> <span class='ocrx_word' id='word_1_411' title='bbox 1625 2826 1853 2896; x_wconf 80' lang='lat' dir='ltr'><strong>quibusepistola</strong></span> 
     </span>
    </p>
   </div>
   <div class='ocr_carea' id='block_1_12' title="bbox 214 2897 1009 3060">
    <p class='ocr_par' dir='ltr' id='par_1_13' title="bbox 214 2897 1009 3060">
     <span class='ocr_line' id='line_1_53' title="bbox 214 2897 1009 2973; baseline 0.006 -20"><span class='ocrx_word' id='word_1_412' title='bbox 214 2897 585 2971; x_wconf 80' lang='lat' dir='ltr'><strong>annotttposteonsutamn</strong></span> <span class='ocrx_word' id='word_1_413' title='bbox 596 2897 685 2956; x_wconf 87' lang='lat' dir='ltr'><strong>Basilii</strong></span> <span class='ocrx_word' id='word_1_414' title='bbox 709 2899 760 2955; x_wconf 83' lang='lat' dir='ltr'><strong>viri</strong></span> <span class='ocrx_word' id='word_1_415' title='bbox 784 2901 935 2966; x_wconf 85' lang='lat' dir='ltr'><strong>clarissimi,</strong></span> <span class='ocrx_word' id='word_1_416' title='bbox 960 2918 1009 2973; x_wconf 89' lang='lat' dir='ltr'><strong>per</strong></span> 
     </span>
     <span class='ocr_line' id='line_1_54' title="bbox 218 2988 757 3060; baseline 0.004 -17"><span class='ocrx_word' id='word_1_417' title='bbox 218 2989 343 3051; x_wconf 79' lang='lat' dir='ltr'><strong>isunnam</strong></span> <span class='ocrx_word' id='word_1_418' title='bbox 357 2990 472 3058; x_wconf 78' lang='lat' dir='ltr'><strong>legatum</strong></span> <span class='ocrx_word' id='word_1_419' title='bbox 485 2991 571 3060; x_wconf 76' lang='lat' dir='ltr'><strong>(Anno</strong></span> <span class='ocrx_word' id='word_1_420' title='bbox 577 2988 674 3047; x_wconf 75' lang='lat' dir='ltr'><strong>Christi</strong></span> <span class='ocrx_word' id='word_1_421' title='bbox 684 2988 757 3057; x_wconf 73' lang='lat' dir='ltr'><strong>sm).</strong></span> 
     </span>
    </p>
   </div>
   <div class='ocr_carea' id='block_1_13' title="bbox 531 3128 699 3201">
    <p class='ocr_par' dir='ltr' id='par_1_14' title="bbox 531 3128 699 3201">
     <span class='ocr_line' id='line_1_55' title="bbox 531 3128 699 3201; baseline 0.012 -19"><span class='ocrx_word' id='word_1_422' title='bbox 531 3128 699 3201; x_wconf 78' lang='lat' dir='ltr'><strong>Subscriptio.</strong></span> 
     </span>
    </p>
   </div>
   <div class='ocr_carea' id='block_1_14' title="bbox 253 3234 1008 3311">
    <p class='ocr_par' dir='ltr' id='par_1_15' title="bbox 253 3234 1008 3311">
     <span class='ocr_line' id='line_1_56' title="bbox 253 3234 1008 3311; baseline 0.012 -21"><span class='ocrx_word' id='word_1_423' title='bbox 253 3234 376 3311; x_wconf 74' lang='lat' dir='ltr'><strong>Pelagius</strong></span> <span class='ocrx_word' id='word_1_424' title='bbox 388 3238 570 3296; x_wconf 87' lang='lat' dir='ltr'><strong>misericordia</strong></span> <span class='ocrx_word' id='word_1_425' title='bbox 585 3237 633 3295; x_wconf 90' lang='lat' dir='ltr'><strong>Dei</strong></span> <span class='ocrx_word' id='word_1_426' title='bbox 647 3237 790 3310; x_wconf 78' lang='lat' dir='ltr'><strong>opiscopus</strong></span> <span class='ocrx_word' id='word_1_427' title='bbox 813 3239 938 3298; x_wconf 78' lang='lat' dir='ltr'><strong>Ecclesiae</strong></span> <span class='ocrx_word' id='word_1_428' title='bbox 959 3257 1008 3299; x_wconf 89' lang='lat' dir='ltr'><strong>oa-</strong></span> 
     </span>
    </p>
   </div>
   <div class='ocr_carea' id='block_1_15' title="bbox 215 3327 1005 3488">
    <p class='ocr_par' dir='ltr' id='par_1_16' title="bbox 215 3327 1005 3488">
     <span class='ocr_line' id='line_1_57' title="bbox 217 3327 1005 3411; baseline 0.013 -30"><span class='ocrx_word' id='word_1_429' title='bbox 217 3327 323 3391; x_wconf 82' lang='lat' dir='ltr'><strong>tbolicae</strong></span> <span class='ocrx_word' id='word_1_430' title='bbox 337 3330 410 3391; x_wconf 84' lang='lat' dir='ltr'><strong>urbis</strong></span> <span class='ocrx_word' id='word_1_431' title='bbox 425 3329 527 3396; x_wconf 78' lang='lat' dir='ltr'><strong>Roriam,</strong></span> <span class='ocrx_word' id='word_1_432' title='bbox 539 3329 687 3411; x_wconf 81' lang='lat' dir='ltr'><strong>exemplari</strong></span> <span class='ocrx_word' id='word_1_433' title='bbox 699 3331 820 3402; x_wconf 84' lang='lat' dir='ltr'><strong>epistolae</strong></span> <span class='ocrx_word' id='word_1_434' title='bbox 834 3340 933 3389; x_wconf 77' lang='lat' dir='ltr'><strong>nostrae</strong></span> <span class='ocrx_word' id='word_1_435' title='bbox 943 3334 1005 3391; x_wconf 81' lang='lat' dir='ltr'><strong>sub·</strong></span> 
     </span>
     <span class='ocr_line' id='line_1_58' title="bbox 215 3432 318 3488; baseline -0.019 -14"><span class='ocrx_word' id='word_1_436' title='bbox 215 3432 318 3488; x_wconf 81' lang='lat' dir='ltr'><strong>scripsi.</strong></span> 
     </span>
    </p>
   </div>
   <div class='ocr_carea' id='block_1_16' title="bbox 349 3550 863 3690">
    <p class='ocr_par' dir='ltr' id='par_1_17' title="bbox 349 3550 863 3690">
     <span class='ocr_line' id='line_1_59' title="bbox 349 3550 810 3605; baseline 0.004 -16"><span class='ocrx_word' id='word_1_437' title='bbox 349 3590 355 3605; x_wconf 38' lang='lat'><strong><em>¹</em></strong></span> <span class='ocrx_word' id='word_1_438' title='bbox 412 3550 575 3593; x_wconf 78' lang='lat' dir='ltr'><strong>omeuvarro</strong></span> <span class='ocrx_word' id='word_1_439' title='bbox 590 3553 614 3592; x_wconf 87' lang='lat' dir='ltr'><strong>r.</strong></span> <span class='ocrx_word' id='word_1_440' title='bbox 630 3550 736 3593; x_wconf 77' lang='grc' dir='ltr'>ιιιτοιιι</span> <span class='ocrx_word' id='word_1_441' title='bbox 751 3552 810 3593; x_wconf 81' lang='lat' dir='ltr'><strong>east</strong></span> 
     </span>
     <span class='ocr_line' id='line_1_60' title="bbox 355 3621 863 3690; baseline -0.002 -11"><span class='ocrx_word' id='word_1_442' title='bbox 355 3624 391 3679; x_wconf 85' lang='lat' dir='ltr'><strong>od</strong></span> <span class='ocrx_word' id='word_1_443' title='bbox 413 3639 510 3678; x_wconf 87' lang='lat' dir='ltr'><strong>annum</strong></span> <span class='ocrx_word' id='word_1_444' title='bbox 533 3621 630 3679; x_wconf 77' lang='lat' dir='ltr'><strong>Christi</strong></span> <span class='ocrx_word' id='word_1_445' title='bbox 649 3622 714 3690; x_wconf 80' lang='lat'><strong>556,</strong></span> <span class='ocrx_word' id='word_1_446' title='bbox 733 3640 761 3678; x_wconf 88' lang='lat' dir='ltr'><strong>rr.</strong></span> <span class='ocrx_word' id='word_1_447' title='bbox 786 3624 813 3690; x_wconf 82' lang='lat' dir='ltr'><strong>i,</strong></span> <span class='ocrx_word' id='word_1_448' title='bbox 835 3622 863 3678; x_wconf 82' lang='lat'><strong>8.</strong></span> 
     </span>
    </p>
   </div>
   <div class='ocr_carea' id='block_1_17' title="bbox 215 3732 1011 4626">
    <p class='ocr_par' dir='ltr' id='par_1_18' title="bbox 215 3732 1011 4626">
     <span class='ocr_line' id='line_1_61' title="bbox 249 3732 1007 3862; baseline 0.003 -73"><span class='ocrx_word' id='word_1_449' title='bbox 249 3733 370 3862; x_wconf 46' lang='lat' dir='ltr'><strong>Epistola</strong></span> <span class='ocrx_word' id='word_1_450' title='bbox 379 3732 481 3817; x_wconf 61' lang='lat' dir='ltr'><strong>Pelagii</strong></span> <span class='ocrx_word' id='word_1_451' title='bbox 492 3732 738 3817; x_wconf 79' lang='lat' dir='ltr'><strong>adCbildebertum</strong></span> <span class='ocrx_word' id='word_1_452' title='bbox 751 3748 843 3818; x_wconf 75' lang='lat' dir='ltr'><strong>regern</strong></span> <span class='ocrx_word' id='word_1_453' title='bbox 857 3750 885 3789; x_wconf 92' lang='lat' dir='ltr'><strong>m</strong></span> <span class='ocrx_word' id='word_1_454' title='bbox 900 3734 935 3789; x_wconf 91' lang='lat' dir='ltr'><strong>id.</strong></span> <span class='ocrx_word' id='word_1_455' title='bbox 954 3734 1007 3792; x_wconf 90' lang='lat' dir='ltr'><strong>De·</strong></span> 
     </span>
     <span class='ocr_line' id='line_1_62' title="bbox 215 3801 1009 3954; baseline -0.003 -23"><span class='ocrx_word' id='word_1_456' title='bbox 215 3821 302 3931; x_wconf 70' lang='lat' dir='ltr'><strong>llis</strong></span> <span class='ocrx_word' id='word_1_457' title='bbox 320 3801 1009 3954; x_wconf 65' lang='lat' dir='ltr'><strong>lllaiihlltld’,iiidistillasti&#39;tl</strong></span> 
     </span>
     <span class='ocr_line' id='line_1_63' title="bbox 215 3941 1009 4026; baseline 0.001 -28"><span class='ocrx_word' id='word_1_458' title='bbox 215 3946 280 4014; x_wconf 89' lang='lat' dir='ltr'><strong>gilio</strong></span> <span class='ocrx_word' id='word_1_459' title='bbox 296 3944 359 3999; x_wconf 91' lang='lat' dir='ltr'><strong>data</strong></span> <span class='ocrx_word' id='word_1_460' title='bbox 376 3942 478 4025; x_wconf 78' lang='lat' dir='ltr'><strong>morat,</strong></span> <span class='ocrx_word' id='word_1_461' title='bbox 491 3950 742 4026; x_wconf 77' lang='lat' dir='ltr'><strong>consummataest.</strong></span> <span class='ocrx_word' id='word_1_462' title='bbox 755 3941 817 3999; x_wconf 81' lang='lat' dir='ltr'><strong>lime</strong></span> <span class='ocrx_word' id='word_1_463' title='bbox 828 3944 941 4000; x_wconf 88' lang='lat' dir='ltr'><strong>duarum</strong></span> <span class='ocrx_word' id='word_1_464' title='bbox 952 3945 1009 4015; x_wconf 90' lang='lat' dir='ltr'><strong>epi·</strong></span> 
     </span>
     <span class='ocr_line' id='line_1_64' title="bbox 215 4011 1007 4080; baseline -0.004 -10"><span class='ocrx_word' id='word_1_465' title='bbox 215 4015 359 4080; x_wconf 88' lang='lat' dir='ltr'><strong>stolarum,</strong></span> <span class='ocrx_word' id='word_1_466' title='bbox 370 4011 612 4068; x_wconf 85' lang='lat' dir='ltr'><strong>adCbrldebertum</strong></span> <span class='ocrx_word' id='word_1_467' title='bbox 618 4014 720 4069; x_wconf 80' lang='lat' dir='ltr'><strong>seilicet</strong></span> <span class='ocrx_word' id='word_1_468' title='bbox 734 4021 763 4068; x_wconf 91' lang='lat' dir='ltr'><strong>et</strong></span> <span class='ocrx_word' id='word_1_469' title='bbox 776 4012 1007 4079; x_wconf 84' lang='lat' dir='ltr'><strong>adlastiniaaum,</strong></span> 
     </span>
     <span class='ocr_line' id='line_1_65' title="bbox 216 4082 1009 4154; baseline -0.003 -14"><span class='ocrx_word' id='word_1_470' title='bbox 216 4083 427 4147; x_wconf 84' lang='lat' dir='ltr'><strong>consarcinatio,</strong></span> <span class='ocrx_word' id='word_1_471' title='bbox 439 4082 540 4138; x_wconf 89' lang='lat' dir='ltr'><strong>nemini</strong></span> <span class='ocrx_word' id='word_1_472' title='bbox 554 4084 606 4138; x_wconf 89' lang='lat' dir='ltr'><strong>buc</strong></span> <span class='ocrx_word' id='word_1_473' title='bbox 621 4098 706 4152; x_wconf 83' lang='lat' dir='ltr'><strong>nsque</strong></span> <span class='ocrx_word' id='word_1_474' title='bbox 719 4082 871 4152; x_wconf 79' lang='lat' dir='ltr'><strong>observata,</strong></span> <span class='ocrx_word' id='word_1_475' title='bbox 887 4098 947 4154; x_wconf 79' lang='lat' dir='ltr'><strong>qum</strong></span> <span class='ocrx_word' id='word_1_476' title='bbox 968 4092 1009 4140; x_wconf 88' lang='lat' dir='ltr'><strong>ta-</strong></span> 
     </span>
     <span class='ocr_line' id='line_1_66' title="bbox 216 4152 1010 4210; baseline 0.003 -2"><span class='ocrx_word' id='word_1_477' title='bbox 216 4170 278 4209; x_wconf 88' lang='lat' dir='ltr'><strong>men</strong></span> <span class='ocrx_word' id='word_1_478' title='bbox 293 4168 346 4208; x_wconf 91' lang='lat' dir='ltr'><strong>non</strong></span> <span class='ocrx_word' id='word_1_479' title='bbox 358 4152 464 4208; x_wconf 84' lang='lat' dir='ltr'><strong>ridetur</strong></span> <span class='ocrx_word' id='word_1_480' title='bbox 474 4152 501 4207; x_wconf 91' lang='lat' dir='ltr'><strong>in</strong></span> <span class='ocrx_word' id='word_1_481' title='bbox 511 4152 621 4208; x_wconf 88' lang='lat' dir='ltr'><strong>dubium</strong></span> <span class='ocrx_word' id='word_1_482' title='bbox 634 4154 796 4209; x_wconf 82' lang='lat' dir='ltr'><strong>revocanda.</strong></span> <span class='ocrx_word' id='word_1_483' title='bbox 809 4153 882 4209; x_wconf 86' lang='lat' dir='ltr'><strong>Finis</strong></span> <span class='ocrx_word' id='word_1_484' title='bbox 896 4154 967 4210; x_wconf 89' lang='lat' dir='ltr'><strong>eninr</strong></span> <span class='ocrx_word' id='word_1_485' title='bbox 982 4164 1010 4210; x_wconf 90' lang='lat' dir='ltr'><strong>et</strong></span> 
     </span>
     <span class='ocr_line' id='line_1_67' title="bbox 216 4221 1009 4295; baseline 0.001 -16"><span class='ocrx_word' id='word_1_486' title='bbox 216 4225 321 4279; x_wconf 90' lang='lat' dir='ltr'><strong>initium</strong></span> <span class='ocrx_word' id='word_1_487' title='bbox 335 4221 528 4294; x_wconf 76' lang='lat' dir='ltr'><strong>epistolisque</strong></span> <span class='ocrx_word' id='word_1_488' title='bbox 542 4222 576 4277; x_wconf 87' lang='lat' dir='ltr'><strong>ad</strong></span> <span class='ocrx_word' id='word_1_489' title='bbox 589 4221 790 4279; x_wconf 89' lang='lat' dir='ltr'><strong>Cbildebertnm</strong></span> <span class='ocrx_word' id='word_1_490' title='bbox 802 4239 893 4295; x_wconf 88' lang='lat' dir='ltr'><strong>regem</strong></span> <span class='ocrx_word' id='word_1_491' title='bbox 908 4224 1009 4295; x_wconf 88' lang='lat' dir='ltr'><strong>scripta</strong></span> 
     </span>
     <span class='ocr_line' id='line_1_68' title="bbox 215 4290 1011 4365; baseline -0.001 -15"><span class='ocrx_word' id='word_1_492' title='bbox 215 4293 386 4365; x_wconf 87' lang='lat' dir='ltr'><strong>supponitur,</strong></span> <span class='ocrx_word' id='word_1_493' title='bbox 400 4300 508 4362; x_wconf 89' lang='lat' dir='ltr'><strong>spectat</strong></span> <span class='ocrx_word' id='word_1_494' title='bbox 520 4292 554 4349; x_wconf 87' lang='lat' dir='ltr'><strong>ad</strong></span> <span class='ocrx_word' id='word_1_495' title='bbox 569 4290 670 4348; x_wconf 87' lang='lat' dir='ltr'><strong>Gallias</strong></span> <span class='ocrx_word' id='word_1_496' title='bbox 684 4301 712 4349; x_wconf 84' lang='lat' dir='ltr'><strong>et</strong></span> <span class='ocrx_word' id='word_1_497' title='bbox 724 4295 758 4348; x_wconf 88' lang='lat' dir='ltr'><strong>ad</strong></span> <span class='ocrx_word' id='word_1_498' title='bbox 777 4293 943 4350; x_wconf 85' lang='lat' dir='ltr'><strong>Francorum</strong></span> <span class='ocrx_word' id='word_1_499' title='bbox 966 4310 1011 4349; x_wconf 89' lang='lat' dir='ltr'><strong>re-</strong></span> 
     </span>
     <span class='ocr_line' id='line_1_69' title="bbox 215 4361 1008 4486; baseline 0 -67"><span class='ocrx_word' id='word_1_500' title='bbox 215 4378 288 4429; x_wconf 84' lang='lat' dir='ltr'><strong>gem,</strong></span> <span class='ocrx_word' id='word_1_501' title='bbox 298 4365 357 4433; x_wconf 84' lang='lat' dir='ltr'><strong>oni,</strong></span> <span class='ocrx_word' id='word_1_502' title='bbox 368 4369 397 4419; x_wconf 92' lang='lat' dir='ltr'><strong>ut</strong></span> <span class='ocrx_word' id='word_1_503' title='bbox 408 4363 492 4486; x_wconf 64' lang='lat' dir='ltr'><strong>liguas</strong></span> <span class='ocrx_word' id='word_1_504' title='bbox 501 4377 535 4418; x_wconf 87' lang='lat' dir='ltr'><strong>ex</strong></span> <span class='ocrx_word' id='word_1_505' title='bbox 549 4362 602 4418; x_wconf 89' lang='lat' dir='ltr'><strong>alia</strong></span> <span class='ocrx_word' id='word_1_506' title='bbox 616 4361 717 4445; x_wconf 86' lang='lat' dir='ltr'><strong>Pelagii</strong></span> <span class='ocrx_word' id='word_1_507' title='bbox 728 4363 853 4446; x_wconf 73' lang='lat' dir='ltr'><strong>epistola,</strong></span> <span class='ocrx_word' id='word_1_508' title='bbox 871 4364 1008 4447; x_wconf 82' lang='lat' dir='ltr'><strong>llullnnrn,</strong></span> 
     </span>
     <span class='ocr_line' id='line_1_70' title="bbox 217 4430 1011 4626; baseline 0.003 -69"><span class='ocrx_word' id='word_1_509' title='bbox 217 4432 379 4626; x_wconf 48' lang='lat' dir='ltr'><strong>{distri</strong></span> <span class='ocrx_word' id='word_1_510' title='bbox 393 4430 1011 4575; x_wconf 63' lang='lat' dir='ltr'><strong>itlt&#39;ihtisttilildahl,tellit</strong></span> 
     </span>
    </p>
   </div>
   <div class='ocr_carea' id='block_1_18' title="bbox 215 4639 1008 5553">
    <p class='ocr_par' dir='ltr' id='par_1_19' title="bbox 215 4639 1008 5553">
     <span class='ocr_line' id='line_1_71' title="bbox 218 4639 1006 4701; baseline 0.003 -6"><span class='ocrx_word' id='word_1_511' title='bbox 218 4642 362 4701; x_wconf 83' lang='lat' dir='ltr'><strong>laesionem</strong></span> <span class='ocrx_word' id='word_1_512' title='bbox 374 4657 430 4701; x_wconf 80' lang='lat' dir='ltr'><strong>satae</strong></span> <span class='ocrx_word' id='word_1_513' title='bbox 444 4641 505 4698; x_wconf 88' lang='lat' dir='ltr'><strong>ildei</strong></span> <span class='ocrx_word' id='word_1_514' title='bbox 520 4642 553 4701; x_wconf 88' lang='lat' dir='ltr'><strong>atl</strong></span> <span class='ocrx_word' id='word_1_515' title='bbox 574 4639 698 4698; x_wconf 85' lang='lat' dir='ltr'><strong>eumdem</strong></span> <span class='ocrx_word' id='word_1_516' title='bbox 710 4644 868 4701; x_wconf 88' lang='lat' dir='ltr'><strong>destinaret.</strong></span> <span class='ocrx_word' id='word_1_517' title='bbox 882 4642 911 4698; x_wconf 90' lang='lat' dir='ltr'><strong>ld</strong></span> <span class='ocrx_word' id='word_1_518' title='bbox 938 4660 1006 4699; x_wconf 82' lang='lat' dir='ltr'><strong>eorr-</strong></span> 
     </span>
     <span class='ocr_line' id='line_1_72' title="bbox 217 4710 1003 4784; baseline 0.003 -17"><span class='ocrx_word' id='word_1_519' title='bbox 217 4721 272 4768; x_wconf 91' lang='lat' dir='ltr'><strong>stat</strong></span> <span class='ocrx_word' id='word_1_520' title='bbox 283 4728 316 4767; x_wconf 92' lang='lat' dir='ltr'><strong>ex</strong></span> <span class='ocrx_word' id='word_1_521' title='bbox 329 4712 381 4766; x_wconf 89' lang='lat' dir='ltr'><strong>alia</strong></span> <span class='ocrx_word' id='word_1_522' title='bbox 394 4710 494 4781; x_wconf 76' lang='lat' dir='ltr'><strong>Pelagii</strong></span> <span class='ocrx_word' id='word_1_523' title='bbox 509 4711 542 4766; x_wconf 86' lang='lat' dir='ltr'><strong>ad</strong></span> <span class='ocrx_word' id='word_1_524' title='bbox 556 4710 756 4771; x_wconf 80' lang='lat' dir='ltr'><strong>childebertum</strong></span> <span class='ocrx_word' id='word_1_525' title='bbox 770 4728 861 4782; x_wconf 82' lang='lat' dir='ltr'><strong>regem</strong></span> <span class='ocrx_word' id='word_1_526' title='bbox 877 4714 1003 4784; x_wconf 87' lang='lat' dir='ltr'><strong>epistola.</strong></span> 
     </span>
     <span class='ocr_line' id='line_1_73' title="bbox 218 4779 1005 4854; baseline 0 -17"><span class='ocrx_word' id='word_1_527' title='bbox 218 4783 245 4838; x_wconf 94' lang='lat' dir='ltr'><strong>in</strong></span> <span class='ocrx_word' id='word_1_528' title='bbox 257 4797 308 4854; x_wconf 80' lang='lat' dir='ltr'><strong>qua</strong></span> <span class='ocrx_word' id='word_1_529' title='bbox 323 4779 441 4851; x_wconf 78' lang='lat' dir='ltr'><strong>pontifex</strong></span> <span class='ocrx_word' id='word_1_530' title='bbox 456 4782 513 4835; x_wconf 90' lang='lat' dir='ltr'><strong>ait:</strong></span> <span class='ocrx_word' id='word_1_531' title='bbox 533 4779 646 4837; x_wconf 72' lang='lat' dir='ltr'><strong>lechas</strong></span> <span class='ocrx_word' id='word_1_532' title='bbox 662 4781 701 4837; x_wconf 87' lang='lat' dir='ltr'><strong>llo</strong></span> <span class='ocrx_word' id='word_1_533' title='bbox 724 4801 772 4839; x_wconf 87' lang='lat' dir='ltr'><strong>aas</strong></span> <span class='ocrx_word' id='word_1_534' title='bbox 786 4784 826 4838; x_wconf 81' lang='lat' dir='ltr'><strong>nir</strong></span> <span class='ocrx_word' id='word_1_535' title='bbox 839 4784 1005 4854; x_wconf 74' lang='lat' dir='ltr'><strong>mapaipcus,</strong></span> 
     </span>
     <span class='ocr_line' id='line_1_74' title="bbox 216 4851 1006 4924; baseline 0 -16"><span class='ocrx_word' id='word_1_536' title='bbox 216 4852 316 4922; x_wconf 77' lang='lat' dir='ltr'><strong>legatus</strong></span> <span class='ocrx_word' id='word_1_537' title='bbox 335 4851 495 4907; x_wconf 72' lang='lat' dir='ltr'><strong>excellentior</strong></span> <span class='ocrx_word' id='word_1_538' title='bbox 506 4860 606 4914; x_wconf 78' lang='lat' dir='ltr'><strong>uestra,</strong></span> <span class='ocrx_word' id='word_1_539' title='bbox 622 4854 690 4924; x_wconf 73' lang='lat' dir='ltr'><strong>confi</strong></span> <span class='ocrx_word' id='word_1_540' title='bbox 725 4864 781 4907; x_wconf 84' lang='lat' dir='ltr'><strong>nter</strong></span> <span class='ocrx_word' id='word_1_541' title='bbox 795 4853 906 4918; x_wconf 80' lang='lat' dir='ltr'><strong>anobis,</strong></span> <span class='ocrx_word' id='word_1_542' title='bbox 922 4863 950 4907; x_wconf 90' lang='lat' dir='ltr'><strong>ut</strong></span> <span class='ocrx_word' id='word_1_543' title='bbox 960 4854 1006 4908; x_wconf 91' lang='lat' dir='ltr'><strong>de·</strong></span> 
     </span>
     <span class='ocr_line' id='line_1_75' title="bbox 215 4921 1006 4994; baseline -0.001 -17"><span class='ocrx_word' id='word_1_544' title='bbox 215 4925 279 4985; x_wconf 82' lang='lat' dir='ltr'><strong>cuit,</strong></span> <span class='ocrx_word' id='word_1_545' title='bbox 294 4921 433 4992; x_wconf 82' lang='lat' dir='ltr'><strong>postulauit</strong></span> <span class='ocrx_word' id='word_1_546' title='bbox 442 4931 567 4994; x_wconf 74' lang='lat' dir='ltr'><strong>quamam</strong></span> <span class='ocrx_word' id='word_1_547' title='bbox 584 4923 654 4978; x_wconf 79' lang='lat' dir='ltr'><strong>aclis</strong></span> <span class='ocrx_word' id='word_1_548' title='bbox 668 4934 713 4977; x_wconf 84' lang='lat' dir='ltr'><strong>aut</strong></span> <span class='ocrx_word' id='word_1_549' title='bbox 726 4922 808 4979; x_wconf 83' lang='lat' dir='ltr'><strong>beatae</strong></span> <span class='ocrx_word' id='word_1_550' title='bbox 820 4924 1006 4978; x_wconf 86' lang='lat' dir='ltr'><strong>recordationis</strong></span> 
     </span>
     <span class='ocr_line' id='line_1_76' title="bbox 216 4989 1008 5064; baseline 0.004 -19"><span class='ocrx_word' id='word_1_551' title='bbox 216 5010 290 5063; x_wconf 77' lang='lat' dir='ltr'><strong>popae</strong></span> <span class='ocrx_word' id='word_1_552' title='bbox 301 4989 396 5046; x_wconf 62' lang='lat' dir='ltr'><strong>hortis</strong></span> <span class='ocrx_word' id='word_1_553' title='bbox 409 5001 529 5048; x_wconf 86' lang='lat' dir='ltr'><strong>tomamo</strong></span> <span class='ocrx_word' id='word_1_554' title='bbox 540 4991 613 5048; x_wconf 83' lang='lat' dir='ltr'><strong>nobis</strong></span> <span class='ocrx_word' id='word_1_555' title='bbox 623 5009 668 5063; x_wconf 87' lang='lat' dir='ltr'><strong>per</strong></span> <span class='ocrx_word' id='word_1_556' title='bbox 678 4996 765 5051; x_wconf 87' lang='lat' dir='ltr'><strong>omnia</strong></span> <span class='ocrx_word' id='word_1_557' title='bbox 775 4995 920 5048; x_wconf 74' lang='lat' dir='ltr'><strong>concamerari</strong></span> <span class='ocrx_word' id='word_1_558' title='bbox 929 4995 1008 5064; x_wconf 85' lang='lat' dir='ltr'><strong>sipul-</strong></span> 
     </span>
     <span class='ocr_line' id='line_1_77' title="bbox 215 5059 1007 5134; baseline 0.003 -20"><span class='ocrx_word' id='word_1_559' title='bbox 215 5062 296 5131; x_wconf 77' lang='lat' dir='ltr'><strong>licore</strong></span> <span class='ocrx_word' id='word_1_560' title='bbox 309 5059 495 5127; x_wconf 76' lang='lat' dir='ltr'><strong>debuissemus,</strong></span> <span class='ocrx_word' id='word_1_561' title='bbox 517 5070 562 5116; x_wconf 90' lang='lat' dir='ltr'><strong>aut</strong></span> <span class='ocrx_word' id='word_1_562' title='bbox 576 5063 687 5132; x_wconf 85' lang='lat' dir='ltr'><strong>propriis</strong></span> <span class='ocrx_word' id='word_1_563' title='bbox 700 5061 781 5117; x_wconf 76' lang='lat' dir='ltr'><strong>nobis</strong></span> <span class='ocrx_word' id='word_1_564' title='bbox 796 5072 892 5119; x_wconf 82' lang='lat' dir='ltr'><strong>rtostrte</strong></span> <span class='ocrx_word' id='word_1_565' title='bbox 905 5066 1007 5134; x_wconf 75' lang='lat' dir='ltr'><strong>conses-</strong></span> 
     </span>
     <span class='ocr_line' id='line_1_78' title="bbox 215 5130 1006 5202; baseline 0.004 -17"><span class='ocrx_word' id='word_1_566' title='bbox 215 5133 314 5186; x_wconf 79' lang='lat' dir='ltr'><strong>sionem</strong></span> <span class='ocrx_word' id='word_1_567' title='bbox 327 5130 391 5202; x_wconf 69' lang='lat' dir='ltr'><strong>fidei</strong></span> <span class='ocrx_word' id='word_1_568' title='bbox 400 5131 540 5187; x_wconf 79' lang='lat' dir='ltr'><strong>destinme.</strong></span> <span class='ocrx_word' id='word_1_569' title='bbox 555 5130 713 5201; x_wconf 79' lang='lat' dir='ltr'><strong>liujusmodi</strong></span> <span class='ocrx_word' id='word_1_570' title='bbox 724 5133 860 5202; x_wconf 89' lang='lat' dir='ltr'><strong>petitionis</strong></span> <span class='ocrx_word' id='word_1_571' title='bbox 871 5132 938 5187; x_wconf 88' lang='lat' dir='ltr'><strong>ratio</strong></span> <span class='ocrx_word' id='word_1_572' title='bbox 949 5133 1006 5188; x_wconf 71' lang='lat' dir='ltr'><strong>brec</strong></span> 
     </span>
     <span class='ocr_line' id='line_1_79' title="bbox 217 5200 1006 5271; baseline 0.001 -17"><span class='ocrx_word' id='word_1_573' title='bbox 217 5200 266 5256; x_wconf 85' lang='lat' dir='ltr'><strong>luit</strong></span> <span class='ocrx_word' id='word_1_574' title='bbox 279 5201 353 5271; x_wconf 78' lang='lat' dir='ltr'><strong>quod</strong></span> <span class='ocrx_word' id='word_1_575' title='bbox 366 5202 470 5258; x_wconf 88' lang='lat' dir='ltr'><strong>semina</strong></span> <span class='ocrx_word' id='word_1_576' title='bbox 484 5202 671 5258; x_wconf 88' lang='lat' dir='ltr'><strong>scandalorum</strong></span> <span class='ocrx_word' id='word_1_577' title='bbox 691 5203 719 5256; x_wconf 92' lang='lat' dir='ltr'><strong>in</strong></span> <span class='ocrx_word' id='word_1_578' title='bbox 738 5202 885 5271; x_wconf 84' lang='lat' dir='ltr'><strong>provinciis</strong></span> <span class='ocrx_word' id='word_1_579' title='bbox 904 5200 1006 5256; x_wconf 90' lang='lat' dir='ltr'><strong>Gallia-</strong></span> 
     </span>
     <span class='ocr_line' id='line_1_80' title="bbox 216 5271 1006 5342; baseline 0 -16"><span class='ocrx_word' id='word_1_580' title='bbox 216 5287 275 5326; x_wconf 90' lang='lat' dir='ltr'><strong>rmn</strong></span> <span class='ocrx_word' id='word_1_581' title='bbox 288 5287 304 5325; x_wconf 89' lang='lat' dir='ltr'><strong>a</strong></span> <span class='ocrx_word' id='word_1_582' title='bbox 318 5271 479 5340; x_wconf 83' lang='lat' dir='ltr'><strong>quibusdam</strong></span> <span class='ocrx_word' id='word_1_583' title='bbox 492 5272 707 5342; x_wconf 75' lang='lat' dir='ltr'><strong>spargebantur,</strong></span> <span class='ocrx_word' id='word_1_584' title='bbox 732 5272 810 5341; x_wconf 78' lang='lat' dir='ltr'><strong>qnasi</strong></span> <span class='ocrx_word' id='word_1_585' title='bbox 829 5271 893 5341; x_wconf 83' lang='lat' dir='ltr'><strong>nuid</strong></span> <span class='ocrx_word' id='word_1_586' title='bbox 911 5282 1006 5328; x_wconf 91' lang='lat' dir='ltr'><strong>contra</strong></span> 
     </span>
     <span class='ocr_line' id='line_1_81' title="bbox 216 5340 1006 5413; baseline 0.003 -21"><span class='ocrx_word' id='word_1_587' title='bbox 216 5341 294 5394; x_wconf 87' lang='lat' dir='ltr'><strong>tidem</strong></span> <span class='ocrx_word' id='word_1_588' title='bbox 310 5341 472 5397; x_wconf 89' lang='lat' dir='ltr'><strong>catholicam</strong></span> <span class='ocrx_word' id='word_1_589' title='bbox 482 5342 509 5396; x_wconf 91' lang='lat' dir='ltr'><strong>in</strong></span> <span class='ocrx_word' id='word_1_590' title='bbox 521 5341 613 5412; x_wconf 78' lang='lat' dir='ltr'><strong>quisita</strong></span> <span class='ocrx_word' id='word_1_591' title='bbox 625 5340 728 5413; x_wconf 77' lang='lat' dir='ltr'><strong>synodo</strong></span> <span class='ocrx_word' id='word_1_592' title='bbox 740 5342 858 5411; x_wconf 87' lang='lat' dir='ltr'><strong>generali</strong></span> <span class='ocrx_word' id='word_1_593' title='bbox 886 5350 1006 5399; x_wconf 82' lang='lat' dir='ltr'><strong>ereetum</strong></span> 
     </span>
     <span class='ocr_line' id='line_1_82' title="bbox 215 5359 1007 5481; baseline -0.004 -15"><span class='ocrx_word' id='word_1_594' title='bbox 215 5420 297 5466; x_wconf 87' lang='lat' dir='ltr'><strong>esset.</strong></span> <span class='ocrx_word' id='word_1_595' title='bbox 315 5411 404 5478; x_wconf 74' lang='lat' dir='ltr'><strong>Quare</strong></span> <span class='ocrx_word' id='word_1_596' title='bbox 414 5409 641 5481; x_wconf 81' lang='lat' dir='ltr'><strong>Pelagiuslitteris</strong></span> <span class='ocrx_word' id='word_1_597' title='bbox 653 5410 705 5467; x_wconf 91' lang='lat' dir='ltr'><strong>boe</strong></span> <span class='ocrx_word' id='word_1_598' title='bbox 716 5427 787 5468; x_wconf 84' lang='lat' dir='ltr'><strong>aaran</strong></span> <span class='ocrx_word' id='word_1_599' title='bbox 802 5411 837 5468; x_wconf 90' lang='lat' dir='ltr'><strong>ad</strong></span> <span class='ocrx_word' id='word_1_600' title='bbox 851 5359 1007 5472; x_wconf 64' lang='lat' dir='ltr'><strong>Childeber-</strong></span> 
     </span>
     <span class='ocr_line' id='line_1_83' title="bbox 216 5480 1006 5553; baseline 0 -19"><span class='ocrx_word' id='word_1_601' title='bbox 216 5488 272 5535; x_wconf 90' lang='lat' dir='ltr'><strong>tum</strong></span> <span class='ocrx_word' id='word_1_602' title='bbox 287 5482 369 5538; x_wconf 90' lang='lat' dir='ltr'><strong>tertio</strong></span> <span class='ocrx_word' id='word_1_603' title='bbox 384 5480 444 5538; x_wconf 82' lang='lat' dir='ltr'><strong>tans</strong></span> <span class='ocrx_word' id='word_1_604' title='bbox 458 5482 619 5539; x_wconf 79' lang='lat' dir='ltr'><strong>Decembres</strong></span> <span class='ocrx_word' id='word_1_605' title='bbox 632 5482 738 5549; x_wconf 82' lang='lat' dir='ltr'><strong>missis,</strong></span> <span class='ocrx_word' id='word_1_606' title='bbox 757 5482 830 5536; x_wconf 85' lang='lat' dir='ltr'><strong>illam</strong></span> <span class='ocrx_word' id='word_1_607' title='bbox 849 5482 1006 5553; x_wconf 87' lang='lat' dir='ltr'><strong>petitionem</strong></span> 
     </span>
    </p>
   </div>
   <div class='ocr_carea' id='block_1_19' title="bbox 217 5551 1007 5675">
    <p class='ocr_par' dir='ltr' id='par_1_20' title="bbox 217 5551 1007 5675">
     <span class='ocr_line' id='line_1_84' title="bbox 217 5551 1007 5675; baseline 0.001 -72"><span class='ocrx_word' id='word_1_608' title='bbox 217 5551 348 5675; x_wconf 58' lang='lat' dir='ltr'><strong>imssierit,</strong></span> <span class='ocrx_word' id='word_1_609' title='bbox 365 5560 394 5607; x_wconf 88' lang='lat' dir='ltr'><strong>et</strong></span> <span class='ocrx_word' id='word_1_610' title='bbox 406 5554 550 5609; x_wconf 88' lang='lat' dir='ltr'><strong>anathema</strong></span> <span class='ocrx_word' id='word_1_611' title='bbox 562 5553 631 5609; x_wconf 83' lang='lat' dir='ltr'><strong>dixit</strong></span> <span class='ocrx_word' id='word_1_612' title='bbox 644 5552 676 5607; x_wconf 88' lang='lat' dir='ltr'><strong>iis</strong></span> <span class='ocrx_word' id='word_1_613' title='bbox 686 5552 733 5622; x_wconf 86' lang='lat' dir='ltr'><strong>qni</strong></span> <span class='ocrx_word' id='word_1_614' title='bbox 746 5551 779 5608; x_wconf 87' lang='lat' dir='ltr'><strong>de</strong></span> <span class='ocrx_word' id='word_1_615' title='bbox 791 5551 843 5607; x_wconf 86' lang='lat' dir='ltr'><strong>lide</strong></span> <span class='ocrx_word' id='word_1_616' title='bbox 852 5553 932 5608; x_wconf 88' lang='lat' dir='ltr'><strong>aliter</strong></span> <span class='ocrx_word' id='word_1_617' title='bbox 943 5566 1007 5607; x_wconf 75' lang='lat' dir='ltr'><strong>sen·</strong></span> 
     </span>
    </p>
   </div>
   <div class='ocr_carea' id='block_1_20' title="bbox 216 5621 1008 5899">
    <p class='ocr_par' dir='ltr' id='par_1_21' title="bbox 216 5621 1008 5899">
     <span class='ocr_line' id='line_1_85' title="bbox 216 5621 1008 5694; baseline 0.001 -20"><span class='ocrx_word' id='word_1_618' title='bbox 216 5622 253 5676; x_wconf 92' lang='lat' dir='ltr'><strong>tie</strong></span> <span class='ocrx_word' id='word_1_619' title='bbox 273 5632 321 5677; x_wconf 83' lang='lat' dir='ltr'><strong>ant</strong></span> <span class='ocrx_word' id='word_1_620' title='bbox 334 5636 414 5691; x_wconf 88' lang='lat' dir='ltr'><strong>quam</strong></span> <span class='ocrx_word' id='word_1_621' title='bbox 427 5624 453 5679; x_wconf 93' lang='lat' dir='ltr'><strong>in</strong></span> <span class='ocrx_word' id='word_1_622' title='bbox 468 5623 588 5694; x_wconf 85' lang='lat' dir='ltr'><strong>epistolis</strong></span> <span class='ocrx_word' id='word_1_623' title='bbox 598 5623 685 5678; x_wconf 88' lang='lat' dir='ltr'><strong>saneti</strong></span> <span class='ocrx_word' id='word_1_624' title='bbox 701 5622 799 5678; x_wconf 84' lang='lat' dir='ltr'><strong>Leonis</strong></span> <span class='ocrx_word' id='word_1_625' title='bbox 813 5630 842 5677; x_wconf 92' lang='lat' dir='ltr'><strong>et</strong></span> <span class='ocrx_word' id='word_1_626' title='bbox 854 5623 879 5675; x_wconf 91' lang='lat' dir='ltr'><strong>in</strong></span> <span class='ocrx_word' id='word_1_627' title='bbox 891 5621 1008 5677; x_wconf 88' lang='lat' dir='ltr'><strong>coucilia</strong></span> 
     </span>
     <span class='ocr_line' id='line_1_86' title="bbox 216 5691 1006 5761; baseline -0.001 -16"><span class='ocrx_word' id='word_1_628' title='bbox 216 5691 430 5747; x_wconf 79' lang='lat' dir='ltr'><strong>Clralees&#39;oneasi</strong></span> <span class='ocrx_word' id='word_1_629' title='bbox 440 5694 639 5748; x_wconf 87' lang='lat' dir='ltr'><strong>continebatur.</strong></span> <span class='ocrx_word' id='word_1_630' title='bbox 654 5692 757 5746; x_wconf 81' lang='lat' dir='ltr'><strong>hrtilex</strong></span> <span class='ocrx_word' id='word_1_631' title='bbox 777 5692 897 5761; x_wconf 76' lang='lat' dir='ltr'><strong>epistolae</strong></span> <span class='ocrx_word' id='word_1_632' title='bbox 911 5691 944 5744; x_wconf 89' lang='lat' dir='ltr'><strong>de</strong></span> <span class='ocrx_word' id='word_1_633' title='bbox 954 5705 1006 5758; x_wconf 83' lang='lat' dir='ltr'><strong>qua</strong></span> 
     </span>
     <span class='ocr_line' id='line_1_87' title="bbox 218 5760 1005 5831; baseline -0.001 -18"><span class='ocrx_word' id='word_1_634' title='bbox 218 5762 307 5826; x_wconf 88' lang='lat' dir='ltr'><strong>agitur</strong></span> <span class='ocrx_word' id='word_1_635' title='bbox 323 5760 407 5814; x_wconf 79' lang='lat' dir='ltr'><strong>relect</strong></span> <span class='ocrx_word' id='word_1_636' title='bbox 420 5761 538 5829; x_wconf 86' lang='lat' dir='ltr'><strong>priorem</strong></span> <span class='ocrx_word' id='word_1_637' title='bbox 554 5763 612 5829; x_wconf 75' lang='lat' dir='ltr'><strong>eius</strong></span> <span class='ocrx_word' id='word_1_638' title='bbox 627 5772 730 5831; x_wconf 90' lang='lat' dir='ltr'><strong>partem</strong></span> <span class='ocrx_word' id='word_1_639' title='bbox 745 5761 779 5814; x_wconf 80' lang='lat' dir='ltr'><strong>acl</strong></span> <span class='ocrx_word' id='word_1_640' title='bbox 793 5760 1005 5821; x_wconf 88' lang='lat' dir='ltr'><strong>Cbildebartum,</strong></span> 
     </span>
     <span class='ocr_line' id='line_1_88' title="bbox 217 5828 1008 5899; baseline -0.001 -15"><span class='ocrx_word' id='word_1_641' title='bbox 217 5830 251 5888; x_wconf 87' lang='lat' dir='ltr'><strong>ab</strong></span> <span class='ocrx_word' id='word_1_642' title='bbox 266 5828 343 5885; x_wconf 82' lang='lat' dir='ltr'><strong>britio</strong></span> <span class='ocrx_word' id='word_1_643' title='bbox 354 5843 439 5896; x_wconf 68' lang='lat' dir='ltr'><strong>astrue</strong></span> <span class='ocrx_word' id='word_1_644' title='bbox 456 5830 490 5884; x_wconf 90' lang='lat' dir='ltr'><strong>ad</strong></span> <span class='ocrx_word' id='word_1_645' title='bbox 503 5831 560 5885; x_wconf 77' lang='lat' dir='ltr'><strong>bare</strong></span> <span class='ocrx_word' id='word_1_646' title='bbox 571 5832 653 5885; x_wconf 73' lang='lat' dir='ltr'><strong>scrita</strong></span> <span class='ocrx_word' id='word_1_647' title='bbox 670 5850 676 5882; x_wconf 80' lang='lat' dir='ltr'><strong><em>z</em></strong></span> <span class='ocrx_word' id='word_1_648' title='bbox 694 5830 824 5892; x_wconf 75' lang='lat' dir='ltr'><strong>Quinetiam</strong></span> <span class='ocrx_word' id='word_1_649' title='bbox 836 5830 892 5886; x_wconf 78' lang='lat' dir='ltr'><strong>haec</strong></span> <span class='ocrx_word' id='word_1_650' title='bbox 906 5830 1008 5899; x_wconf 85' lang='lat' dir='ltr'><strong>ipsulm</strong></span> 
     </span>
    </p>
   </div>
   <div class='ocr_carea' id='block_1_21' title="bbox 1021 3198 1045 3262">
    <p class='ocr_par' dir='ltr' id='par_1_22' title="bbox 1021 3198 1045 3262">
     <span class='ocr_line' id='line_1_89' title="bbox 1021 3198 1045 3262; baseline 0 0"><span class='ocrx_word' id='word_1_651' title='bbox 1021 3198 1045 3262; x_wconf 90' lang='lat' dir='ltr'><strong>C</strong></span> 
     </span>
    </p>
   </div>
   <div class='ocr_carea' id='block_1_22' title="bbox 300 4571 1048 4647">
    <p class='ocr_par' dir='ltr' id='par_1_23' title="bbox 300 4571 1048 4647">
     <span class='ocr_line' id='line_1_90' title="bbox 300 4571 1048 4647; baseline 0.001 -19"><span class='ocrx_word' id='word_1_652' title='bbox 300 4572 360 4628; x_wconf 90' lang='lat' dir='ltr'><strong>onis</strong></span> <span class='ocrx_word' id='word_1_653' title='bbox 373 4571 480 4644; x_wconf 87' lang='lat' dir='ltr'><strong>seriptis</strong></span> <span class='ocrx_word' id='word_1_654' title='bbox 494 4574 631 4639; x_wconf 83' lang='lat' dir='ltr'><strong>assentiri,</strong></span> <span class='ocrx_word' id='word_1_655' title='bbox 644 4574 687 4629; x_wconf 85' lang='lat' dir='ltr'><strong>rel</strong></span> <span class='ocrx_word' id='word_1_656' title='bbox 707 4575 823 4644; x_wconf 90' lang='lat' dir='ltr'><strong>propriis</strong></span> <span class='ocrx_word' id='word_1_657' title='bbox 836 4575 926 4629; x_wconf 83' lang='lat' dir='ltr'><strong>verbis</strong></span> <span class='ocrx_word' id='word_1_658' title='bbox 940 4589 1006 4629; x_wconf 91' lang='lat' dir='ltr'><strong>oon·</strong></span> <span class='ocrx_word' id='word_1_659' title='bbox 1023 4586 1048 4647; x_wconf 67' lang='grc' dir='ltr'><strong>Ι)</strong></span> 
     </span>
    </p>
   </div>
   <div class='ocr_carea' id='block_1_23' title="bbox 1060 2896 1796 2973">
    <p class='ocr_par' dir='ltr' id='par_1_24' title="bbox 1060 2896 1796 2973">
     <span class='ocr_line' id='line_1_91' title="bbox 1060 2896 1796 2973; baseline 0 -23"><span class='ocrx_word' id='word_1_660' title='bbox 1060 2896 1105 2951; x_wconf 88' lang='lat' dir='ltr'><strong>illa</strong></span> <span class='ocrx_word' id='word_1_661' title='bbox 1120 2907 1246 2967; x_wconf 82' lang='lat' dir='ltr'><strong>consum,</strong></span> <span class='ocrx_word' id='word_1_662' title='bbox 1259 2897 1332 2953; x_wconf 92' lang='lat' dir='ltr'><strong>nulla</strong></span> <span class='ocrx_word' id='word_1_663' title='bbox 1343 2897 1477 2952; x_wconf 82' lang='lat' dir='ltr'><strong>connexio</strong></span> <span class='ocrx_word' id='word_1_664' title='bbox 1486 2904 1538 2963; x_wconf 90' lang='lat' dir='ltr'><strong>est,</strong></span> <span class='ocrx_word' id='word_1_665' title='bbox 1554 2906 1583 2952; x_wconf 90' lang='lat' dir='ltr'><strong>nt</strong></span> <span class='ocrx_word' id='word_1_666' title='bbox 1597 2896 1697 2973; x_wconf 89' lang='lat' dir='ltr'><strong>legenti</strong></span> <span class='ocrx_word' id='word_1_667' title='bbox 1712 2904 1796 2967; x_wconf 81' lang='lat' dir='ltr'><strong>patet</strong></span> 
     </span>
    </p>
   </div>
   <div class='ocr_carea' id='block_1_24' title="bbox 1166 3076 1741 3229">
    <p class='ocr_par' dir='ltr' id='par_1_25' title="bbox 1166 3076 1741 3229">
     <span class='ocr_line' id='line_1_92' title="bbox 1270 3076 1633 3150; baseline -0.017 -15"><span class='ocrx_word' id='word_1_668' title='bbox 1270 3077 1437 3136; x_wconf 77' lang='lat' dir='ltr'><strong>crascone</strong></span> <span class='ocrx_word' id='word_1_669' title='bbox 1451 3076 1475 3133; x_wconf 86' lang='grc' dir='ltr'><strong>ιι</strong></span> <span class='ocrx_word' id='word_1_670' title='bbox 1490 3078 1563 3150; x_wconf 71' lang='lat' dir='ltr'><strong>(osum</strong></span> <span class='ocrx_word' id='word_1_671' title='bbox 1577 3076 1633 3147; x_wconf 82' lang='lat' dir='ltr'><strong>xi).</strong></span> 
     </span>
     <span class='ocr_line' id='line_1_93' title="bbox 1166 3182 1741 3229; baseline -0.012 0"><span class='ocrx_word' id='word_1_672' title='bbox 1166 3190 1201 3229; x_wconf 77' lang='lat' dir='ltr'><strong>ab</strong></span> <span class='ocrx_word' id='word_1_673' title='bbox 1221 3187 1359 3229; x_wconf 72' lang='lat' dir='ltr'><strong>ShPhllDD!</strong></span> <span class='ocrx_word' id='word_1_674' title='bbox 1377 3185 1521 3228; x_wconf 73' lang='lat' dir='ltr'><strong>EFlSCDPD!</strong></span> <span class='ocrx_word' id='word_1_675' title='bbox 1541 3182 1741 3224; x_wconf 70' lang='lat' dir='ltr'><strong>sustentem.</strong></span> 
     </span>
    </p>
   </div>
   <div class='ocr_carea' id='block_1_25' title="bbox 1059 3290 1856 3657">
    <p class='ocr_par' dir='ltr' id='par_1_26' title="bbox 1059 3290 1856 3657">
     <span class='ocr_line' id='line_1_94' title="bbox 1059 3290 1856 3373; baseline -0.02 -9"><span class='ocrx_word' id='word_1_676' title='bbox 1059 3307 1229 3373; x_wconf 82' lang='lat' dir='ltr'><strong>Commendat</strong></span> <span class='ocrx_word' id='word_1_677' title='bbox 1240 3290 1401 3361; x_wconf 26' lang='lat' dir='ltr'><strong>illiredito‘m</strong></span> <span class='ocrx_word' id='word_1_678' title='bbox 1427 3302 1611 3359; x_wconf 81' lang='lat' dir='ltr'><strong>Flaminisboni</strong></span> <span class='ocrx_word' id='word_1_679' title='bbox 1628 3299 1790 3366; x_wconf 82' lang='lat' dir='ltr'><strong>subdiaconi,</strong></span> <span class='ocrx_word' id='word_1_680' title='bbox 1811 3308 1856 3352; x_wconf 74' lang='lat' dir='ltr'><strong>at.</strong></span> 
     </span>
     <span class='ocr_line' id='line_1_95' title="bbox 1094 3390 1856 3469; baseline -0.01 -16"><span class='ocrx_word' id='word_1_681' title='bbox 1094 3414 1142 3469; x_wconf 77' lang='lat' dir='ltr'><strong>oue</strong></span> <span class='ocrx_word' id='word_1_682' title='bbox 1159 3405 1187 3450; x_wconf 89' lang='lat' dir='ltr'><strong>ut</strong></span> <span class='ocrx_word' id='word_1_683' title='bbox 1202 3395 1310 3450; x_wconf 85' lang='lat' dir='ltr'><strong>Placido</strong></span> <span class='ocrx_word' id='word_1_684' title='bbox 1324 3396 1394 3466; x_wconf 88' lang='lat' dir='ltr'><strong>patri</strong></span> <span class='ocrx_word' id='word_1_685' title='bbox 1407 3410 1454 3449; x_wconf 86' lang='lat' dir='ltr'><strong>sao</strong></span> <span class='ocrx_word' id='word_1_686' title='bbox 1469 3407 1591 3465; x_wconf 83' lang='lat' dir='ltr'><strong>suggerat</strong></span> <span class='ocrx_word' id='word_1_687' title='bbox 1613 3390 1646 3447; x_wconf 85' lang='lat' dir='ltr'><strong>de</strong></span> <span class='ocrx_word' id='word_1_688' title='bbox 1669 3391 1856 3463; x_wconf 79' lang='lat' dir='ltr'><strong>comparandas</strong></span> 
     </span>
     <span class='ocr_line' id='line_1_96' title="bbox 1095 3484 1855 3558; baseline -0.003 -15"><span class='ocrx_word' id='word_1_689' title='bbox 1095 3488 1255 3558; x_wconf 80' lang='lat' dir='ltr'><strong>Romanaque</strong></span> <span class='ocrx_word' id='word_1_690' title='bbox 1269 3485 1400 3555; x_wconf 73' lang='lat' dir='ltr'><strong>mittendis</strong></span> <span class='ocrx_word' id='word_1_691' title='bbox 1411 3484 1522 3551; x_wconf 77' lang='lat' dir='ltr'><strong>aestibus</strong></span> <span class='ocrx_word' id='word_1_692' title='bbox 1535 3500 1592 3555; x_wconf 77' lang='lat' dir='ltr'><strong>pecc</strong></span> <span class='ocrx_word' id='word_1_693' title='bbox 1602 3485 1629 3538; x_wconf 88' lang='lat' dir='ltr'><strong>in</strong></span> <span class='ocrx_word' id='word_1_694' title='bbox 1652 3499 1778 3555; x_wconf 82' lang='lat' dir='ltr'><strong>pauperes</strong></span> <span class='ocrx_word' id='word_1_695' title='bbox 1791 3499 1855 3541; x_wconf 80' lang='lat' dir='ltr'><strong>ero-</strong></span> 
     </span>
     <span class='ocr_line' id='line_1_97' title="bbox 1095 3590 1198 3657; baseline -0.019 -22"><span class='ocrx_word' id='word_1_696' title='bbox 1095 3590 1198 3657; x_wconf 76' lang='lat' dir='ltr'><strong>genter,</strong></span> 
     </span>
    </p>
   </div>
   <div class='ocr_carea' id='block_1_26' title="bbox 1059 3711 1861 5892">
    <p class='ocr_par' dir='ltr' id='par_1_27' title="bbox 1096 3711 1648 3784">
     <span class='ocr_line' id='line_1_98' title="bbox 1096 3711 1648 3784; baseline 0.005 -16"><span class='ocrx_word' id='word_1_697' title='bbox 1096 3712 1276 3770; x_wconf 79' lang='lat' dir='ltr'><strong>Dilectissimo</strong></span> <span class='ocrx_word' id='word_1_698' title='bbox 1286 3712 1363 3768; x_wconf 85' lang='lat' dir='ltr'><strong>iratri</strong></span> <span class='ocrx_word' id='word_1_699' title='bbox 1375 3711 1501 3784; x_wconf 88' lang='lat' dir='ltr'><strong>Sapaudo</strong></span> <span class='ocrx_word' id='word_1_700' title='bbox 1516 3711 1648 3784; x_wconf 84' lang='lat' dir='ltr'><strong>Pelagius.</strong></span> 
     </span>
    </p>

    <p class='ocr_par' dir='ltr' id='par_1_28' title="bbox 1059 3805 1861 5892">
     <span class='ocr_line' id='line_1_99' title="bbox 1095 3805 1859 3877; baseline 0.004 -15"><span class='ocrx_word' id='word_1_701' title='bbox 1095 3806 1163 3874; x_wconf 79' lang='lat' dir='ltr'><strong>Quia</strong></span> <span class='ocrx_word' id='word_1_702' title='bbox 1187 3807 1266 3877; x_wconf 90' lang='lat' dir='ltr'><strong>legati</strong></span> <span class='ocrx_word' id='word_1_703' title='bbox 1294 3805 1340 3862; x_wconf 90' lang='lat' dir='ltr'><strong>lilii</strong></span> <span class='ocrx_word' id='word_1_704' title='bbox 1361 3808 1446 3863; x_wconf 92' lang='lat' dir='ltr'><strong>nostri</strong></span> <span class='ocrx_word' id='word_1_705' title='bbox 1460 3807 1644 3876; x_wconf 86' lang='lat' dir='ltr'><strong>gloriosissimi</strong></span> <span class='ocrx_word' id='word_1_706' title='bbox 1659 3808 1730 3877; x_wconf 88' lang='lat' dir='ltr'><strong>regis</strong></span> <span class='ocrx_word' id='word_1_707' title='bbox 1744 3808 1859 3865; x_wconf 47' lang='lat' dir='ltr'><strong>eolides</strong></span> 
     </span>
     <span class='ocr_line' id='line_1_100' title="bbox 1059 3896 1856 3968; baseline 0.001 -15"><span class='ocrx_word' id='word_1_708' title='bbox 1059 3898 1141 3963; x_wconf 88' lang='lat' dir='ltr'><strong>berti,</strong></span> <span class='ocrx_word' id='word_1_709' title='bbox 1155 3898 1297 3955; x_wconf 87' lang='lat' dir='ltr'><strong>beatorum</strong></span> <span class='ocrx_word' id='word_1_710' title='bbox 1310 3898 1494 3968; x_wconf 83' lang='lat' dir='ltr'><strong>apostolorum</strong></span> <span class='ocrx_word' id='word_1_711' title='bbox 1511 3896 1583 3954; x_wconf 83' lang='lat' dir='ltr'><strong>Petri</strong></span> <span class='ocrx_word' id='word_1_712' title='bbox 1598 3908 1626 3954; x_wconf 89' lang='lat' dir='ltr'><strong>et</strong></span> <span class='ocrx_word' id='word_1_713' title='bbox 1640 3897 1725 3964; x_wconf 82' lang='lat' dir='ltr'><strong>Pauli,</strong></span> <span class='ocrx_word' id='word_1_714' title='bbox 1740 3908 1768 3954; x_wconf 92' lang='lat' dir='ltr'><strong>et</strong></span> <span class='ocrx_word' id='word_1_715' title='bbox 1782 3901 1856 3955; x_wconf 90' lang='lat' dir='ltr'><strong>aiio-</strong></span> 
     </span>
     <span class='ocr_line' id='line_1_101' title="bbox 1059 3992 1856 4064; baseline -0.001 -16"><span class='ocrx_word' id='word_1_716' title='bbox 1059 4008 1119 4048; x_wconf 91' lang='lat' dir='ltr'><strong>rum</strong></span> <span class='ocrx_word' id='word_1_717' title='bbox 1133 4002 1289 4048; x_wconf 85' lang='lat' dir='ltr'><strong>sarrctorum</strong></span> <span class='ocrx_word' id='word_1_718' title='bbox 1304 3999 1450 4064; x_wconf 81' lang='lat' dir='ltr'><strong>martyrum</strong></span> <span class='ocrx_word' id='word_1_719' title='bbox 1462 3992 1589 4062; x_wconf 83' lang='lat' dir='ltr'><strong>reliquias</strong></span> <span class='ocrx_word' id='word_1_720' title='bbox 1601 4001 1792 4063; x_wconf 88' lang='lat' dir='ltr'><strong>poposcerunt,</strong></span> <span class='ocrx_word' id='word_1_721' title='bbox 1805 4010 1856 4047; x_wconf 87' lang='lat' dir='ltr'><strong>ne-</strong></span> 
     </span>
     <span class='ocr_line' id='line_1_102' title="bbox 1059 4083 1857 4143; baseline 0.004 -3"><span class='ocrx_word' id='word_1_722' title='bbox 1059 4100 1135 4141; x_wconf 87' lang='lat' dir='ltr'><strong>cesse</strong></span> <span class='ocrx_word' id='word_1_723' title='bbox 1161 4085 1302 4140; x_wconf 88' lang='lat' dir='ltr'><strong>babuimus</strong></span> <span class='ocrx_word' id='word_1_724' title='bbox 1328 4083 1570 4140; x_wconf 75' lang='lat' dir='ltr'><strong>Fontinembonum</strong></span> <span class='ocrx_word' id='word_1_725' title='bbox 1598 4086 1792 4142; x_wconf 88' lang='lat' dir='ltr'><strong>subdiaconum</strong></span> <span class='ocrx_word' id='word_1_726' title='bbox 1818 4089 1857 4143; x_wconf 88' lang='lat' dir='ltr'><strong>de</strong></span> 
     </span>
     <span class='ocr_line' id='line_1_103' title="bbox 1060 4176 1856 4247; baseline 0.001 -15"><span class='ocrx_word' id='word_1_727' title='bbox 1060 4179 1134 4234; x_wconf 89' lang='lat' dir='ltr'><strong>clero</strong></span> <span class='ocrx_word' id='word_1_728' title='bbox 1144 4187 1238 4233; x_wconf 89' lang='lat' dir='ltr'><strong>nostro</strong></span> <span class='ocrx_word' id='word_1_729' title='bbox 1254 4176 1379 4244; x_wconf 84' lang='lat' dir='ltr'><strong>dirigere,</strong></span> <span class='ocrx_word' id='word_1_730' title='bbox 1391 4177 1436 4247; x_wconf 82' lang='lat' dir='ltr'><strong>qui</strong></span> <span class='ocrx_word' id='word_1_731' title='bbox 1451 4192 1498 4232; x_wconf 87' lang='lat' dir='ltr'><strong>eas</strong></span> <span class='ocrx_word' id='word_1_732' title='bbox 1513 4192 1597 4247; x_wconf 80' lang='lat' dir='ltr'><strong>usqne</strong></span> <span class='ocrx_word' id='word_1_733' title='bbox 1611 4178 1643 4233; x_wconf 88' lang='lat' dir='ltr'><strong>ad</strong></span> <span class='ocrx_word' id='word_1_734' title='bbox 1655 4177 1856 4234; x_wconf 83' lang='lat' dir='ltr'><strong>iratemitatom</strong></span> 
     </span>
     <span class='ocr_line' id='line_1_104' title="bbox 1061 4267 1858 4338; baseline -0.001 -14"><span class='ocrx_word' id='word_1_735' title='bbox 1061 4278 1135 4325; x_wconf 89' lang='lat' dir='ltr'><strong>tuam</strong></span> <span class='ocrx_word' id='word_1_736' title='bbox 1147 4284 1207 4323; x_wconf 88' lang='lat' dir='ltr'><strong>cum</strong></span> <span class='ocrx_word' id='word_1_737' title='bbox 1219 4267 1369 4323; x_wconf 80' lang='lat' dir='ltr'><strong>reverentia</strong></span> <span class='ocrx_word' id='word_1_738' title='bbox 1384 4268 1548 4338; x_wconf 84' lang='lat' dir='ltr'><strong>deportaret.</strong></span> <span class='ocrx_word' id='word_1_739' title='bbox 1566 4267 1600 4322; x_wconf 86' lang='lat' dir='ltr'><strong>Et</strong></span> <span class='ocrx_word' id='word_1_740' title='bbox 1623 4268 1685 4325; x_wconf 89' lang='lat' dir='ltr'><strong>ideo</strong></span> <span class='ocrx_word' id='word_1_741' title='bbox 1703 4269 1858 4325; x_wconf 77' lang='lat' dir='ltr'><strong>salutantes</strong></span> 
     </span>
     <span class='ocr_line' id='line_1_105' title="bbox 1062 4359 1857 4430; baseline -0.001 -16"><span class='ocrx_word' id='word_1_742' title='bbox 1062 4360 1202 4415; x_wconf 88' lang='lat' dir='ltr'><strong>hortamur</strong></span> <span class='ocrx_word' id='word_1_743' title='bbox 1226 4366 1255 4414; x_wconf 94' lang='lat' dir='ltr'><strong>ut</strong></span> <span class='ocrx_word' id='word_1_744' title='bbox 1268 4359 1378 4430; x_wconf 80' lang='lat' dir='ltr'><strong>quaesita</strong></span> <span class='ocrx_word' id='word_1_745' title='bbox 1394 4359 1546 4424; x_wconf 79' lang='lat' dir='ltr'><strong>occasione,</strong></span> <span class='ocrx_word' id='word_1_746' title='bbox 1562 4359 1618 4414; x_wconf 81' lang='lat' dir='ltr'><strong>siue</strong></span> <span class='ocrx_word' id='word_1_747' title='bbox 1638 4361 1709 4425; x_wconf 84' lang='lat' dir='ltr'><strong>navi,</strong></span> <span class='ocrx_word' id='word_1_748' title='bbox 1724 4359 1781 4415; x_wconf 82' lang='lat' dir='ltr'><strong>sive</strong></span> <span class='ocrx_word' id='word_1_749' title='bbox 1796 4370 1857 4414; x_wconf 84' lang='lat' dir='ltr'><strong>ter-</strong></span> 
     </span>
     <span class='ocr_line' id='line_1_106' title="bbox 1060 4452 1857 4524; baseline -0.003 -14"><span class='ocrx_word' id='word_1_750' title='bbox 1060 4470 1139 4523; x_wconf 90' lang='lat' dir='ltr'><strong>reno,</strong></span> <span class='ocrx_word' id='word_1_751' title='bbox 1153 4469 1214 4509; x_wconf 91' lang='lat' dir='ltr'><strong>cum</strong></span> <span class='ocrx_word' id='word_1_752' title='bbox 1229 4453 1327 4508; x_wconf 89' lang='lat' dir='ltr'><strong>talibus</strong></span> <span class='ocrx_word' id='word_1_753' title='bbox 1348 4452 1469 4522; x_wconf 80' lang='lat' dir='ltr'><strong>personis</strong></span> <span class='ocrx_word' id='word_1_754' title='bbox 1482 4453 1516 4508; x_wconf 89' lang='lat' dir='ltr'><strong>de</strong></span> <span class='ocrx_word' id='word_1_755' title='bbox 1529 4453 1627 4524; x_wconf 86' lang='lat' dir='ltr'><strong>quibus</strong></span> <span class='ocrx_word' id='word_1_756' title='bbox 1648 4453 1719 4506; x_wconf 90' lang='lat' dir='ltr'><strong>nulla</strong></span> <span class='ocrx_word' id='word_1_757' title='bbox 1740 4453 1857 4523; x_wconf 86' lang='lat' dir='ltr'><strong>periculi</strong></span> 
     </span>
     <span class='ocr_line' id='line_1_107' title="bbox 1060 4543 1858 4617; baseline 0.003 -20"><span class='ocrx_word' id='word_1_758' title='bbox 1060 4546 1146 4617; x_wconf 85' lang='lat' dir='ltr'><strong>possit</strong></span> <span class='ocrx_word' id='word_1_759' title='bbox 1159 4559 1219 4599; x_wconf 90' lang='lat' dir='ltr'><strong>esse</strong></span> <span class='ocrx_word' id='word_1_760' title='bbox 1231 4544 1358 4613; x_wconf 78' lang='lat' dir='ltr'><strong>suspicio,</strong></span> <span class='ocrx_word' id='word_1_761' title='bbox 1372 4543 1405 4597; x_wconf 88' lang='lat' dir='ltr'><strong>ad</strong></span> <span class='ocrx_word' id='word_1_762' title='bbox 1420 4559 1469 4598; x_wconf 91' lang='lat' dir='ltr'><strong>uos</strong></span> <span class='ocrx_word' id='word_1_763' title='bbox 1479 4559 1539 4598; x_wconf 90' lang='lat' dir='ltr'><strong>eum</strong></span> <span class='ocrx_word' id='word_1_764' title='bbox 1551 4549 1662 4612; x_wconf 78' lang='lat' dir='ltr'><strong>jurante</strong></span> <span class='ocrx_word' id='word_1_765' title='bbox 1685 4543 1798 4597; x_wconf 87' lang='lat' dir='ltr'><strong>Domino</strong></span> <span class='ocrx_word' id='word_1_766' title='bbox 1810 4560 1858 4599; x_wconf 89' lang='lat' dir='ltr'><strong>re-</strong></span> 
     </span>
     <span class='ocr_line' id='line_1_108' title="bbox 1061 4629 1855 4704; baseline 0.001 -15"><span class='ocrx_word' id='word_1_767' title='bbox 1061 4636 1182 4690; x_wconf 75' lang='lat' dir='ltr'><strong>mittatis.</strong></span> <span class='ocrx_word' id='word_1_768' title='bbox 1197 4635 1233 4689; x_wconf 85' lang='lat' dir='ltr'><strong>Ea</strong></span> <span class='ocrx_word' id='word_1_769' title='bbox 1244 4642 1334 4690; x_wconf 87' lang='lat' dir='ltr'><strong>autem</strong></span> <span class='ocrx_word' id='word_1_770' title='bbox 1348 4650 1407 4703; x_wconf 72' lang='lat' dir='ltr'><strong>urire</strong></span> <span class='ocrx_word' id='word_1_771' title='bbox 1417 4650 1466 4704; x_wconf 87' lang='lat' dir='ltr'><strong>pro</strong></span> <span class='ocrx_word' id='word_1_772' title='bbox 1480 4633 1584 4688; x_wconf 89' lang='lat' dir='ltr'><strong>bonore</strong></span> <span class='ocrx_word' id='word_1_773' title='bbox 1604 4634 1744 4688; x_wconf 88' lang='lat' dir='ltr'><strong>charitatis</strong></span> <span class='ocrx_word' id='word_1_774' title='bbox 1762 4629 1815 4688; x_wconf 72' lang='lat' dir='ltr'><strong>irre</strong></span> <span class='ocrx_word' id='word_1_775' title='bbox 1837 4652 1855 4690; x_wconf 83' lang='lat' dir='ltr'><strong>a</strong></span> 
     </span>
     <span class='ocr_line' id='line_1_109' title="bbox 1060 4725 1857 4797; baseline 0.001 -17"><span class='ocrx_word' id='word_1_776' title='bbox 1060 4728 1138 4783; x_wconf 93' lang='lat' dir='ltr'><strong>nobis</strong></span> <span class='ocrx_word' id='word_1_777' title='bbox 1151 4727 1298 4796; x_wconf 89' lang='lat' dir='ltr'><strong>supradicti</strong></span> <span class='ocrx_word' id='word_1_778' title='bbox 1310 4727 1389 4795; x_wconf 88' lang='lat' dir='ltr'><strong>legati</strong></span> <span class='ocrx_word' id='word_1_779' title='bbox 1415 4725 1570 4796; x_wconf 85' lang='lat' dir='ltr'><strong>poposcisse</strong></span> <span class='ocrx_word' id='word_1_780' title='bbox 1586 4734 1743 4794; x_wconf 88' lang='lat' dir='ltr'><strong>noscuntur,</strong></span> <span class='ocrx_word' id='word_1_781' title='bbox 1763 4728 1857 4797; x_wconf 85' lang='lat' dir='ltr'><strong>parati</strong></span> 
     </span>
     <span class='ocr_line' id='line_1_110' title="bbox 1059 4818 1859 4889; baseline -0.003 -14"><span class='ocrx_word' id='word_1_782' title='bbox 1059 4836 1154 4877; x_wconf 89' lang='lat' dir='ltr'><strong>sumus</strong></span> <span class='ocrx_word' id='word_1_783' title='bbox 1166 4818 1339 4889; x_wconf 82' lang='lat' dir='ltr'><strong>Deojuvante</strong></span> <span class='ocrx_word' id='word_1_784' title='bbox 1350 4818 1509 4875; x_wconf 89' lang='lat' dir='ltr'><strong>concedere.</strong></span> <span class='ocrx_word' id='word_1_785' title='bbox 1531 4818 1585 4874; x_wconf 86' lang='lat' dir='ltr'><strong>Sed</strong></span> <span class='ocrx_word' id='word_1_786' title='bbox 1600 4818 1649 4873; x_wconf 89' lang='lat' dir='ltr'><strong>nisi</strong></span> <span class='ocrx_word' id='word_1_787' title='bbox 1664 4819 1767 4873; x_wconf 90' lang='lat' dir='ltr'><strong>litteras</strong></span> <span class='ocrx_word' id='word_1_788' title='bbox 1793 4826 1859 4873; x_wconf 85' lang='lat' dir='ltr'><strong>tuas</strong></span> 
     </span>
     <span class='ocr_line' id='line_1_111' title="bbox 1060 4910 1858 4983; baseline -0.008 -15"><span class='ocrx_word' id='word_1_789' title='bbox 1060 4928 1110 4983; x_wconf 89' lang='lat' dir='ltr'><strong>per</strong></span> <span class='ocrx_word' id='word_1_790' title='bbox 1133 4921 1160 4967; x_wconf 93' lang='lat' dir='ltr'><strong>te</strong></span> <span class='ocrx_word' id='word_1_791' title='bbox 1183 4912 1375 4980; x_wconf 87' lang='lat' dir='ltr'><strong>acceperimus,</strong></span> <span class='ocrx_word' id='word_1_792' title='bbox 1400 4910 1469 4966; x_wconf 89' lang='lat' dir='ltr'><strong>sicut</strong></span> <span class='ocrx_word' id='word_1_793' title='bbox 1494 4912 1574 4965; x_wconf 88' lang='lat' dir='ltr'><strong>etiam</strong></span> <span class='ocrx_word' id='word_1_794' title='bbox 1596 4910 1752 4966; x_wconf 88' lang='lat' dir='ltr'><strong>decessores</strong></span> <span class='ocrx_word' id='word_1_795' title='bbox 1766 4911 1858 4975; x_wconf 74' lang='lat' dir='ltr'><strong>nostri</strong></span> 
     </span>
     <span class='ocr_line' id='line_1_112' title="bbox 1061 5002 1859 5076; baseline -0.008 -15"><span class='ocrx_word' id='word_1_796' title='bbox 1061 5004 1258 5076; x_wconf 89' lang='lat' dir='ltr'><strong>postulantibus</strong></span> <span class='ocrx_word' id='word_1_797' title='bbox 1270 5004 1322 5059; x_wconf 90' lang='lat' dir='ltr'><strong>tuis</strong></span> <span class='ocrx_word' id='word_1_798' title='bbox 1339 5003 1527 5060; x_wconf 86' lang='lat' dir='ltr'><strong>decessoribus</strong></span> <span class='ocrx_word' id='word_1_799' title='bbox 1545 5002 1735 5072; x_wconf 79' lang='lat' dir='ltr'><strong>prestiterunt,</strong></span> <span class='ocrx_word' id='word_1_800' title='bbox 1758 5018 1859 5072; x_wconf 89' lang='lat' dir='ltr'><strong>super·</strong></span> 
     </span>
     <span class='ocr_line' id='line_1_113' title="bbox 1061 5092 1857 5164; baseline -0.008 -15"><span class='ocrx_word' id='word_1_801' title='bbox 1061 5095 1142 5150; x_wconf 78' lang='lat' dir='ltr'><strong>Dirum</strong></span> <span class='ocrx_word' id='word_1_802' title='bbox 1164 5094 1344 5164; x_wconf 74' lang='lat' dir='ltr'><strong>judicavimus</strong></span> <span class='ocrx_word' id='word_1_803' title='bbox 1368 5094 1438 5147; x_wconf 76' lang='lat' dir='ltr'><strong>ultro</strong></span> <span class='ocrx_word' id='word_1_804' title='bbox 1460 5093 1652 5148; x_wconf 85' lang='lat' dir='ltr'><strong>transmittere.</strong></span> <span class='ocrx_word' id='word_1_805' title='bbox 1668 5092 1721 5148; x_wconf 85' lang='lat' dir='ltr'><strong>Sed</strong></span> <span class='ocrx_word' id='word_1_806' title='bbox 1741 5109 1805 5147; x_wconf 89' lang='lat' dir='ltr'><strong>mox</strong></span> <span class='ocrx_word' id='word_1_807' title='bbox 1818 5093 1857 5145; x_wconf 87' lang='lat' dir='ltr'><strong>ad</strong></span> 
     </span>
     <span class='ocr_line' id='line_1_114' title="bbox 1061 5181 1859 5257; baseline -0.01 -15"><span class='ocrx_word' id='word_1_808' title='bbox 1061 5203 1120 5252; x_wconf 88' lang='lat' dir='ltr'><strong>uos,</strong></span> <span class='ocrx_word' id='word_1_809' title='bbox 1131 5185 1243 5256; x_wconf 81' lang='lat' dir='ltr'><strong>jusarrte</strong></span> <span class='ocrx_word' id='word_1_810' title='bbox 1256 5184 1379 5247; x_wconf 81' lang='grc' dir='ltr'>ιιοιιιιιιο,</span> <span class='ocrx_word' id='word_1_811' title='bbox 1392 5196 1474 5237; x_wconf 83' lang='grc' dir='ltr'>ιιιιιιιιι</span> <span class='ocrx_word' id='word_1_812' title='bbox 1488 5182 1522 5237; x_wconf 90' lang='lat' dir='ltr'><strong>de</strong></span> <span class='ocrx_word' id='word_1_813' title='bbox 1536 5182 1609 5238; x_wconf 87' lang='lat' dir='ltr'><strong>clero</strong></span> <span class='ocrx_word' id='word_1_814' title='bbox 1620 5192 1667 5237; x_wconf 91' lang='lat' dir='ltr'><strong>tuo</strong></span> <span class='ocrx_word' id='word_1_815' title='bbox 1681 5196 1742 5237; x_wconf 89' lang='lat' dir='ltr'><strong>cum</strong></span> <span class='ocrx_word' id='word_1_816' title='bbox 1756 5181 1859 5257; x_wconf 74' lang='lat' dir='ltr'><strong>litteris</strong></span> 
     </span>
     <span class='ocr_line' id='line_1_115' title="bbox 1060 5274 1857 5344; baseline -0.006 -11"><span class='ocrx_word' id='word_1_817' title='bbox 1060 5278 1201 5344; x_wconf 78' lang='lat' dir='ltr'><strong>direxeris,</strong></span> <span class='ocrx_word' id='word_1_818' title='bbox 1213 5277 1235 5331; x_wconf 89' lang='lat' dir='ltr'><strong>si</strong></span> <span class='ocrx_word' id='word_1_819' title='bbox 1247 5275 1376 5331; x_wconf 84' lang='lat' dir='ltr'><strong>Dominus</strong></span> <span class='ocrx_word' id='word_1_820' title='bbox 1387 5275 1511 5340; x_wconf 83' lang='lat' dir='ltr'><strong>voluerit,</strong></span> <span class='ocrx_word' id='word_1_821' title='bbox 1526 5283 1555 5330; x_wconf 86' lang='lat' dir='ltr'><strong>et</strong></span> <span class='ocrx_word' id='word_1_822' title='bbox 1574 5275 1598 5329; x_wconf 87' lang='lat' dir='ltr'><strong>si</strong></span> <span class='ocrx_word' id='word_1_823' title='bbox 1610 5274 1766 5336; x_wconf 82' lang='lat' dir='ltr'><strong>vixerimus,</strong></span> <span class='ocrx_word' id='word_1_824' title='bbox 1787 5290 1857 5344; x_wconf 86' lang='lat' dir='ltr'><strong>pro-</strong></span> 
     </span>
     <span class='ocr_line' id='line_1_116' title="bbox 1062 5363 1858 5438; baseline -0.008 -15"><span class='ocrx_word' id='word_1_825' title='bbox 1062 5369 1193 5425; x_wconf 87' lang='lat' dir='ltr'><strong>mittimus</strong></span> <span class='ocrx_word' id='word_1_826' title='bbox 1207 5383 1256 5424; x_wconf 92' lang='lat' dir='ltr'><strong>nos</strong></span> <span class='ocrx_word' id='word_1_827' title='bbox 1265 5381 1326 5422; x_wconf 88' lang='lat' dir='ltr'><strong>esse</strong></span> <span class='ocrx_word' id='word_1_828' title='bbox 1340 5366 1468 5421; x_wconf 87' lang='lat' dir='ltr'><strong>tacturos.</strong></span> <span class='ocrx_word' id='word_1_829' title='bbox 1484 5363 1617 5420; x_wconf 77' lang='lat' dir='ltr'><strong>Praeterea</strong></span> <span class='ocrx_word' id='word_1_830' title='bbox 1632 5365 1784 5438; x_wconf 81' lang='lat' dir='ltr'><strong>lrortamur,</strong></span> <span class='ocrx_word' id='word_1_831' title='bbox 1794 5364 1858 5435; x_wconf 79' lang='lat' dir='ltr'><strong>viro</strong></span> 
     </span>
     <span class='ocr_line' id='line_1_117' title="bbox 1061 5452 1855 5531; baseline -0.009 -16"><span class='ocrx_word' id='word_1_832' title='bbox 1061 5460 1325 5531; x_wconf 71' lang='lat' dir='ltr'><strong>magnificentissimo</strong></span> <span class='ocrx_word' id='word_1_833' title='bbox 1340 5455 1395 5511; x_wconf 84' lang='lat' dir='ltr'><strong>illio</strong></span> <span class='ocrx_word' id='word_1_834' title='bbox 1408 5463 1513 5519; x_wconf 89' lang='lat' dir='ltr'><strong>nostro,</strong></span> <span class='ocrx_word' id='word_1_835' title='bbox 1529 5454 1643 5526; x_wconf 87' lang='lat' dir='ltr'><strong>patricio</strong></span> <span class='ocrx_word' id='word_1_836' title='bbox 1655 5452 1763 5511; x_wconf 83' lang='lat' dir='ltr'><strong>Placido</strong></span> <span class='ocrx_word' id='word_1_837' title='bbox 1773 5456 1855 5523; x_wconf 82' lang='lat' dir='ltr'><strong>geni·</strong></span> 
     </span>
     <span class='ocr_line' id='line_1_118' title="bbox 1061 5546 1856 5619; baseline -0.015 -10"><span class='ocrx_word' id='word_1_838' title='bbox 1061 5554 1112 5609; x_wconf 88' lang='lat' dir='ltr'><strong>tori</strong></span> <span class='ocrx_word' id='word_1_839' title='bbox 1124 5560 1170 5608; x_wconf 92' lang='lat' dir='ltr'><strong>tuo</strong></span> <span class='ocrx_word' id='word_1_840' title='bbox 1183 5551 1269 5612; x_wconf 90' lang='lat' dir='ltr'><strong>dicas,</strong></span> <span class='ocrx_word' id='word_1_841' title='bbox 1282 5561 1310 5602; x_wconf 86' lang='lat' dir='ltr'><strong>nt</strong></span> <span class='ocrx_word' id='word_1_842' title='bbox 1319 5547 1391 5619; x_wconf 84' lang='lat' dir='ltr'><strong>quod</strong></span> <span class='ocrx_word' id='word_1_843' title='bbox 1405 5546 1439 5601; x_wconf 88' lang='lat' dir='ltr'><strong>de</strong></span> <span class='ocrx_word' id='word_1_844' title='bbox 1451 5546 1625 5617; x_wconf 86' lang='lat' dir='ltr'><strong>pensionibus</strong></span> <span class='ocrx_word' id='word_1_845' title='bbox 1649 5546 1856 5617; x_wconf 78' lang='lat' dir='ltr'><strong>possessionum</strong></span> 
     </span>
     <span class='ocr_line' id='line_1_119' title="bbox 1060 5634 1859 5705; baseline -0.009 -9"><span class='ocrx_word' id='word_1_846' title='bbox 1060 5642 1184 5697; x_wconf 72' lang='lat' dir='ltr'><strong>Ecclesiae</strong></span> <span class='ocrx_word' id='word_1_847' title='bbox 1198 5649 1297 5695; x_wconf 79' lang='lat' dir='ltr'><strong>nostrae</strong></span> <span class='ocrx_word' id='word_1_848' title='bbox 1311 5638 1455 5694; x_wconf 88' lang='lat' dir='ltr'><strong>collectum</strong></span> <span class='ocrx_word' id='word_1_849' title='bbox 1470 5643 1521 5701; x_wconf 90' lang='lat' dir='ltr'><strong>est,</strong></span> <span class='ocrx_word' id='word_1_850' title='bbox 1536 5645 1582 5690; x_wconf 91' lang='lat' dir='ltr'><strong>aut</strong></span> <span class='ocrx_word' id='word_1_851' title='bbox 1596 5649 1644 5705; x_wconf 88' lang='lat' dir='ltr'><strong>per</strong></span> <span class='ocrx_word' id='word_1_852' title='bbox 1665 5650 1743 5690; x_wconf 90' lang='lat' dir='ltr'><strong>suum</strong></span> <span class='ocrx_word' id='word_1_853' title='bbox 1764 5634 1859 5690; x_wconf 88' lang='lat' dir='ltr'><strong>bumi-</strong></span> 
     </span>
     <span class='ocr_line' id='line_1_120' title="bbox 1060 5723 1861 5801; baseline -0.016 -13"><span class='ocrx_word' id='word_1_854' title='bbox 1060 5741 1195 5798; x_wconf 73' lang='lat' dir='ltr'><strong>aemam</strong></span> <span class='ocrx_word' id='word_1_855' title='bbox 1209 5729 1364 5801; x_wconf 80' lang='lat' dir='ltr'><strong>perborum</strong></span> <span class='ocrx_word' id='word_1_856' title='bbox 1377 5726 1456 5782; x_wconf 91' lang='lat' dir='ltr'><strong>nobis</strong></span> <span class='ocrx_word' id='word_1_857' title='bbox 1468 5725 1593 5793; x_wconf 86' lang='lat' dir='ltr'><strong>dignetur</strong></span> <span class='ocrx_word' id='word_1_858' title='bbox 1605 5723 1722 5790; x_wconf 78' lang='lat' dir='ltr'><strong>dirigere</strong></span> <span class='ocrx_word' id='word_1_859' title='bbox 1738 5730 1861 5794; x_wconf 74' lang='lat' dir='ltr'><strong>portius·-</strong></span> 
     </span>
     <span class='ocr_line' id='line_1_121' title="bbox 1061 5814 1859 5892; baseline -0.019 -9"><span class='ocrx_word' id='word_1_860' title='bbox 1061 5842 1137 5883; x_wconf 87' lang='lat' dir='ltr'><strong>rcm:</strong></span> <span class='ocrx_word' id='word_1_861' title='bbox 1154 5827 1215 5892; x_wconf 70' lang='lat' dir='ltr'><strong>unia</strong></span> <span class='ocrx_word' id='word_1_862' title='bbox 1228 5823 1309 5877; x_wconf 75' lang='lat' dir='ltr'><strong>ltaliae</strong></span> <span class='ocrx_word' id='word_1_863' title='bbox 1323 5819 1421 5890; x_wconf 79' lang='lat' dir='ltr'><strong>pradia</strong></span> <span class='ocrx_word' id='word_1_864' title='bbox 1436 5819 1471 5873; x_wconf 84' lang='lat' dir='ltr'><strong>ita</strong></span> <span class='ocrx_word' id='word_1_865' title='bbox 1483 5817 1602 5873; x_wconf 83' lang='lat' dir='ltr'><strong>desolata</strong></span> <span class='ocrx_word' id='word_1_866' title='bbox 1618 5827 1690 5878; x_wconf 87' lang='lat' dir='ltr'><strong>sum,</strong></span> <span class='ocrx_word' id='word_1_867' title='bbox 1708 5827 1735 5870; x_wconf 89' lang='lat' dir='ltr'><strong>nt</strong></span> <span class='ocrx_word' id='word_1_868' title='bbox 1752 5814 1783 5870; x_wconf 92' lang='lat' dir='ltr'><strong>ad</strong></span> <span class='ocrx_word' id='word_1_869' title='bbox 1806 5831 1859 5883; x_wconf 68' lang='lat' dir='ltr'><strong>ro,</strong></span> 
     </span>
    </p>
   </div>
   <div class='ocr_carea' id='block_1_27' title="bbox 0 0 2046 6180">
    <p class='ocr_par' dir='ltr' id='par_1_29' title="bbox 0 0 2046 6180">
     <span class='ocr_line' id='line_1_122' title="bbox 0 0 2046 6180; baseline 0 0"><span class='ocrx_word' id='word_1_870' title='bbox 0 0 2046 6180; x_wconf 95' lang='lat' dir='ltr'><strong> </strong></span> 
     </span>
    </p>
   </div>
  </div>
 </body>
</html>
