4059 6184
206 330 273 389 il53

736 326 897 387 nistotitt
916 321 1138 382 intentanti.
1152 323 1253 382 ttnnn
1272 324 1318 382 ih.

1771 326 1839 384 ilbi

201 461 296 503 ornnes
321 444 446 502 videlicet
463 458 640 516 appareamus
664 442 724 519 [mr.
743 443 818 515 ipe,
840 437 992 510 uideamur]
1007 440 1031 498 Α
1047 434 1153 505 bitarpre
1162 436 1291 506 supplicia
1302 434 1456 491 sustinebit.
1469 433 1498 491 Si
1510 450 1573 491 nero
1584 434 1742 508 giribnsdam
1756 438 1841 496 letio·

201 538 314 603 Christi,
340 538 384 607 qui
406 536 532 592 innubis
554 536 659 593 divisus
683 550 735 591 non
759 544 811 590 cst.
834 533 910 588 Etsi
934 531 993 586 sine

201 630 346 703 schismate
360 643 457 697 corpere
481 628 621 693 Ecclesiae,
644 627 698 683 beo
720 626 876 696 adjurante,
899 636 994 678 aerte-

198 714 272 785 rnae,
287 733 348 774 corn
363 718 457 774 tiducia
471 727 533 775 ante
545 712 652 772 bonnm
669 717 785 773 tribunal
799 715 956 783 astabimus.

239 811 302 865 liaeo
325 821 419 865 eontra
444 809 518 873 trit,
543 819 569 865 et
591 809 682 874 herii,
705 806 903 875 Erinomiipne,
920 820 995 859 resa·

201 902 292 971 uiam,
315 918 364 958 nec
384 916 436 958 non
457 913 550 958 contra
570 899 697 968 sabellii,
712 898 820 955 Photini
833 938 841 963 ,
856 887 993 959 biarceili,

202 992 277 1051 trinu
306 993 473 1051 samosateni
509 1005 537 1050 et
574 993 739 1059 Macedoni,
767 992 995 1060 conscripserunt.

203 1080 431 1139 Sirniliterautem
443 1094 470 1139 et
480 1082 643 1154 Apollinaris
654 1082 801 1139 novitatem
817 1082 904 1151 palam
920 1079 997 1135 abdi·

201 1185 348 1246 caverunt,
377 1177 520 1247 dicentes,
546 1176 780 1234 inhumanationes
807 1175 995 1233 verebamini

201 1268 259 1325 sine
273 1270 418 1326 violatione
439 1283 594 1337 screamns;
609 1286 696 1342 ireque
708 1270 766 1326 sine
787 1270 893 1333 anima,
909 1282 997 1338 neque

200 1359 259 1415 sine
274 1368 379 1422 mente.
396 1368 443 1416 aut
456 1360 646 1437 impatientem
661 1360 750 1416 earnis
765 1360 995 1431 dispensationem

200 1451 387 1519 suscipientes.

237 1541 322 1598 Porro
350 1543 483 1599 Damasus
508 1544 582 1599 onrni
603 1542 682 1598 lande
702 1541 891 1613 dignissimus,
911 1556 997 1612 agno-

200 1648 279 1691 scens
289 1635 357 1690 hanc
368 1636 493 1692 haeresim
504 1645 627 1691 exortam
643 1636 737 1702 luisse,
754 1650 807 1690 nori
817 1634 904 1689 solum
916 1633 998 1704 Apol·

200 1725 334 1795 ‘tina-em,
362 1728 410 1784 seii
435 1727 518 1784 etiam
542 1727 714 1782 Timotheum
737 1724 899 1795 discipulum
925 1724 998 1779 iilius

1044 525 1120 579 ribus
1133 524 1179 581 ille
1192 525 1303 591 suadet,
1319 525 1402 580 ueluti
1418 526 1559 596 qnamdam
1575 541 1650 599 spem
1665 527 1782 597 babone,
1794 532 1841 602 qui

1045 630 1136 670 veram
1156 628 1231 686 spem
1255 617 1281 671 in
1295 614 1396 671 Christi
1415 615 1585 673 contestans
1605 621 1727 686 natitavit,
1742 621 1841 688 sciant,

1045 720 1076 762 aa
1090 720 1151 763 cum
1172 708 1225 764 isto
1245 708 1369 763 similiter
1385 711 1535 778 perituros,
1549 726 1610 769 eum
1627 727 1680 783 qno
1694 715 1841 771 ecclesias·

1046 800 1107 855 tiam
1122 801 1221 869 regulae
1235 800 1414 856 resultabunt.
1431 801 1504 859 bens
1523 817 1571 858 eos
1591 803 1741 871 incolumes
1753 816 1843 862 cristo·

1044 892 1116 957 diat,
1129 891 1174 947 iiiii
1190 893 1352 949 charissimi.
1372 893 1689 964 incorporaremur,
1715 913 1775 969 cap.
1792 900 1841 965 ltt,

1046 1000 1073 1054 p.
1085 982 1151 1036 iii.
1662 1008 1668 1017 ·

1340 1078 1454 1152 caint
1473 1056 1544 1155 xli.

1084 1207 1189 1265 Statum
1200 1210 1268 1265 sedis
1286 1213 1435 1281 apostalice
1449 1223 1539 1269 cantra
1551 1215 1664 1271 diuersas
1678 1216 1798 1276 haereret.

1211 1326 1275 1395 liei,
1289 1324 1435 1387 secundum
1450 1347 1503 1388 ms.
1516 1332 1664 1391 Sautheod.

1050 1436 1180 1509 Proseaaia
1200 1442 1334 1499 carnoten
1352 1445 1414 1515 fidei
1426 1462 1503 1513 quam
1527 1464 1595 1518 papa
1618 1447 1746 1504 Daturum
1765 1408 1842 1505 detti·⁸

1085 1516 1154 1565 norit
1173 1514 1208 1566 orl
1229 1512 1371 1569 Paulinam
1389 1519 1535 1589 episcopam
1558 1522 1586 1573 in
1609 1519 1782 1589 Macedonia,
1799 1522 1843 1594 gui

1085 1583 1374 1651 paitiniirarraionica.

1085 1691 1140 1749 Sed
1160 1696 1240 1749 ettam
1258 1696 1310 1751 alia
1330 1697 1455 1768 quadam
1476 1699 1502 1756 ln
1527 1703 1738 1759 eminentissima
1759 1704 1842 1763 Roma

202 1818 346 1874 abdicavit·
364 1818 396 1873 El
412 1818 463 1874 hoe
477 1817 616 1873 0¹33an
636 1817 847 1887 gubernamus
864 1815 997 1885 emm,
1012 1813 1037 1873 B
1050 1784 1221 1857 colligentes,
1237 1790 1466 1871 contraalirersas
1479 1794 1596 1850 tiermes
1608 1797 1843 1868 conscripserunt,

197 1909 298 1969 litteris
314 1909 430 1981 propriis
446 1909 590 1977 indicarit,
605 1925 671 1982 quas
687 1908 778 1964 curari
791 1907 886 1964 subter
896 1908 994 1962 adnec-

202 2009 271 2057 tere.
282 2000 499 2069 Tneoonnerus,
510 2001 554 2056 tn.
570 2017 597 2070 r,
608 2018 635 2071 p.
646 2001 711 2057 tna.

500 2110 614 2170 caeni
634 2112 693 2168 xt.

220 2203 340 2277 Epistola
371 2204 479 2261 Damasi
505 2208 537 2261 de
565 2207 731 2263 damnatione
758 2204 917 2277 Apollinaris
945 2205 980 2258 nd

510 2277 683 2331 Timotheum.

233 2367 365 2435 Quoniam
377 2368 532 2440 apostohcae
546 2369 603 2425 sedi
615 2370 793 2425 maerentium
804 2368 921 2423 debibrm
934 2366 999 2422 cha·

199 2461 265 2516 titas
287 2468 378 2516 restra
400 2460 554 2528 distribuit,
574 2461 652 2515 robis
671 2460 830 2530 pluriunnn,
846 2456 998 2516 charissimi

200 2552 265 2622 nn,
280 2553 457 2626 praestitistis.
469 2552 537 2609 Nam
556 2552 799 2609 ttreittcctestatn
818 2568 869 2620 aaa
889 2564 998 2609 sanetus

200 2647 340 2713 apostolus
360 2645 484 2701 residens
512 2645 604 2701 docuit
621 2645 819 2717 qriodammcdo
837 2660 886 2702 nos
899 2646 998 2717 guber-

200 2738 305 2800 nacula,
318 2752 378 2808 qum
389 2736 569 2807 suscepimus,
581 2745 731 2803 teneamus,
743 2747 830 2793 tamen
842 2730 1000 2808 profitemur

201 2844 252 2885 nos
270 2830 373 2885 lionore
392 2831 511 2885 minores
527 2844 605 2899 csse,
619 2839 648 2886 et
664 2840 805 2901 propterea
820 2831 893 2885 omni
918 2829 999 2884 medo

201 2918 369 2987 iestinamus,
385 2929 413 2977 nt
427 2923 459 2976 ad
474 2921 585 2993 gloriam
597 2922 657 2991 ejus
670 2921 844 2977 beatitudinis
856 2922 999 2993 pervenire

201 3014 345 3081 possimis.
376 3011 479 3070 Scitote
508 3014 588 3086 igitur
617 3014 679 3085 (piria
706 3013 806 3069 dndnrn
827 3014 997 3068 Timotheum

202 3102 362 3171 protanam,
383 3104 546 3159 ineruditum
561 3146 569 3170 ‚
587 3105 751 3175 Apollinaris
775 3098 901 3177 iimretiei'
915 3105 998 3159 disci·

1048 1891 1109 1948 qum
1121 1880 1183 1936 huic
1197 1881 1274 1951 operi
1289 1888 1440 1939 necessaria
1456 1886 1570 1943 nitidare
1583 1887 1714 1959 judicati.

1086 1992 1112 2047 l.
1133 1992 1263 2061 Quoniam
1279 2006 1341 2065 post
1362 1992 1497 2053 bien-num
1516 1999 1660 2055 concilium
1684 2001 1744 2057 talis
1768 2017 1843 2058 error

1048 2094 1234 2153 mortuaest,
1252 2096 1282 2141 ut
1301 2082 1409 2156 quidam
1431 2090 1522 2145 dicere
1544 2092 1655 2160 pintano
1674 2108 1722 2149 ore
1743 2109 1844 2164 prmsn-

1049 2185 1141 2241 mant,
1159 2187 1281 2233 sanetum
1296 2180 1424 2249 Spiritum
1443 2196 1493 2251 per
1512 2182 1606 2236 Filium
1628 2184 1711 2240 luisse
1726 2183 1843 2251 iactant,

1049 2269 1306 2325 ariatiiematizamus
1326 2285 1373 2327 cos
1392 2273 1437 2342 qui
1452 2288 1505 2327 non
1526 2289 1585 2328 cum
1605 2276 1843 2346 ‹imniprmdicant

1049 2359 1174 2415 libertate
1187 2377 1249 2417 enm
1263 2361 1342 2419 Patre
1356 2375 1383 2419 et
1396 2363 1465 2420 Filio
1484 2377 1606 2421 narremur
1621 2367 1750 2439 Spiritum
1765 2369 1844 2425 unius

1049 2451 1226 2522 ejusdemque
1239 2455 1396 2511 substantia
1408 2466 1489 2528 atque
1505 2461 1645 2528 potestatis
1661 2460 1789 2517 existere.

1084 2545 1113 2598 2.
1133 2542 1265 2600 Similiter
1276 2555 1366 2604 autern
1377 2550 1634 2607 anathematizamus
1648 2563 1675 2609 ct
1687 2569 1734 2610 eos
1745 2557 1790 2626 qni
1801 2572 1844 2612 er·
1870 2578 1874 2587 ·

1050 2647 1140 2690 rorem
1153 2632 1263 2690 Sabellii
1277 2648 1339 2691 sunt
1353 2639 1450 2705 secuti,
1463 2640 1587 2697 eumdem
1602 2643 1723 2701 dieentes
1737 2645 1844 2704 Patrem

1050 2738 1202 2795 essequam
1217 2725 1325 2781 Titium.
1386 2746 1398 2759 ’
1901 2788 1906 2797 ,

1086 2817 1115 2873 3.
1135 2817 1399 2875 hnatiremattramns
1412 2820 1504 2877 hoium
1518 2831 1546 2879 et
1560 2826 1734 2897 Turranium,
1749 2833 1794 2902 gui
1808 2834 1844 2888 si.

1051 2910 1107 2963 miii
1122 2909 1270 2980 impietate,
1287 2913 1446 2970 licetnerbis
1460 2917 1739 2988 discrepantium
1756 2936 1845 2983 tamen

1051 3008 1079 3055 el
1097 3000 1226 3071 Spiritum
1242 3013 1364 3057 satientur
1380 3016 1529 3061 creaturam
1541 3014 1782 3074 essneorilirnraul.

1087 3092 1114 3144 i.
1137 3093 1401 3150 hiratlrematiaamus
1414 3095 1629 3170 hiacedonianos,
1645 3106 1689 3174 qni
1702 3123 1735 3160 ex
1748 3106 1846 3166 Ariana

203 3195 315 3265 palium,
339 3213 400 3251 enm
422 3197 504 3265 impio
521 3197 579 3267 ejus
598 3199 723 3267 dogmate
739 3197 978 3253 condemnavimus
990 3192 1037 3261 ‚c
1053 3185 1143 3239 radice
1163 3183 1300 3251 derivati,
1326 3203 1379 3241 non
1404 3189 1587 3260 impietatem,
1613 3198 1661 3251 sed
1689 3200 1846 3257 vocabulum

203 3302 253 3341 nec
268 3287 339 3339 ultra
353 3286 528 3342 concedimus
544 3288 602 3357 ejns
619 3289 747 3359 reliquias
759 3290 880 3359 qnalibet
893 3290 1000 3345 ratione

202 3376 236 3430 de
256 3386 357 3433 aalma
377 3378 533 3447 praevalere.
555 3379 583 3433 Si
598 3389 687 3434 antem
709 3380 797 3434 adhue
818 3379 863 3435 ilie
888 3394 1000 3448 serpens

196 3470 347 3539 antinum,
363 3468 446 3524 semei
465 3479 493 3524 et
508 3469 627 3525 secundo
651 3484 815 3539 percussus,
835 3470 870 3525 ad
893 3484 999 3539 paenam

203 3561 339 3629 propriam
361 3558 516 3622 reverterim
541 3562 639 3630 pirique
659 3570 804 3617 extranens
823 3560 858 3616 ab
882 3561 999 3616 Ecclesia

201 3662 241 3704 est
256 3649 455 3719 mortilcrisqne
472 3652 584 3707 serenis
598 3654 654 3706 suis
665 3653 795 3724 quosdam
812 3654 928 3708 fidelium
943 3660 1002 3710 len·

204 3750 260 3796 tare
274 3758 327 3796 non
347 3757 393 3797 ees
408 3752 454 3807 at,
471 3743 540 3799 hanc
555 3753 681 3815 tanquam
698 3745 852 3812 institeram
867 3746 1001 3801 declinate

201 3834 425 3901 corruptionem,
454 3845 587 3904 quatenns
614 3852 662 3893 ros
689 3851 823 3893 memores
846 3838 1001 3909 apostoticae

203 3925 282 3993 tirtel,
298 3941 358 3995 quae
377 3926 511 3997 precipue
532 3928 560 3981 in
575 3929 641 3983 urbe
661 3929 770 3984 Nicaena
789 3945 803 3985 a
824 3928 947 3985 Patribus
964 3945 998 3985 er

200 4019 303 4088 scripto
314 4018 415 4086 prolata
428 4027 484 4084 est,
499 4017 577 4075 lirino
587 4021 672 4091 gradu
685 4020 796 4076 stabiles
810 4020 837 4075 in
849 4021 900 4077 ilde
910 4031 939 4076 et
948 4021 1000 4076 im·

202 4110 344 4164 mirtahiics
360 4109 526 4179 perduretis;
550 4122 577 4164 et
592 4127 645 4165 non
662 4113 814 4183 tairiioqnia
829 4122 857 4168 et
872 4114 1000 4168 extermi-

204 4201 307 4256 nabiles
320 4201 484 4269 questiones
497 4202 530 4257 ab
548 4201 600 4256 isto
618 4202 711 4257 audire
727 4202 864 4273 potiamini
884 4205 1000 4259 elericos

202 4301 308 4348 vestras
324 4303 369 4348 aut
384 4293 499 4363 piebem.
516 4291 573 4349 iam
590 4293 662 4348 enim
680 4295 764 4349 senten
789 4294 902 4350 [armam
922 4295 998 4356 dedi·

200 4400 260 4438 mns
276 4386 286 4457 t
296 4383 346 4438 Ed.
368 4383 413 4447 V..
430 4384 594 4452 didicimus),
611 4387 694 4456 utqui
710 4393 884 4455 semetipsum
900 4401 1001 4456 eogno-

200 4479 268 4532 eerit
292 4476 495 4544 Christianum,
525 4479 590 4533 illud
612 4488 701 4534 servet
717 4478 787 4549 qirod
809 4478 843 4534 ab
869 4481 999 4548 apostulis

200 4659 229 4715 Si
244 4662 302 4730 apris
323 4663 390 4714 colia
404 4662 594 4715 ennuntianerit
614 4673 706 4733 praeter
718 4660 746 4715 id
760 4662 828 4733 qrtad
841 4664 994 4736 accepistis,

199 4751 338 4827 anatliema
351 4753 384 4804 sit
398 4750 502 4824 (Galat.
518 4766 543 4819 t,
558 4752 602 4822 9).
615 4751 737 4807 Christus
752 4753 823 4807 enitn
841 4752 923 4808 trtius
936 4752 993 4818 nei,

199 4844 330 4899 ilirniiuus
344 4855 447 4909 liniter,
465 4844 582 4900 hnmano
596 4847 688 4916 generi
710 4861 757 4914 per
777 4846 913 4916 propriam
935 4860 995 4916 pas·

199 4940 302 4994 sienem
322 4939 436 4994 sulutem
457 4940 642 5008 plenissimum
661 4939 839 5005 eoridmrarit,
861 4947 889 4992 nt
909 4948 994 4993 totum

200 5032 337 5096 hominem
357 5032 463 5085 delicis
478 5028 623 5084 neronom
644 5029 761 5100 peccrtis
777 5028 902 5083 omnibns
925 5028 994 5084 libc-

199 5136 281 5178 rarct.
299 5123 407 5203 tinne-si
421 5123 480 5192 quis
495 5123 521 5176 in
537 5120 636 5176 deitate
652 5122 708 5175 sinc
722 5121 747 5175 in
763 5122 928 5176 hrrnrauitate
943 5124 994 5177 mi·

199 5232 250 5271 nus
263 5216 363 5283 alirprid
384 5214 484 5269 dixerit
500 5214 642 5280 hahuisse,
660 5212 752 5283 plenus
765 5213 860 5283 spiritu
877 5213 993 5281 diaboli,

198 5311 330 5378 gehenne
344 5308 518 5373 semetipsum
530 5307 614 5361 tilium
625 5307 745 5360 demonst
751 5308 829 5362 ravit.
840 5306 894 5361 Cur
905 5306 996 5377 itaque

199 5414 290 5454 rursus
306 5414 320 5451 a
335 5412 377 5452 rue
388 5396 508 5467 qitaeritis
520 5396 722 5452 damnationem
734 5397 888 5453 Timothei?
901 5396 951 5464 Qui
967 5409 995 5452 et

200 5494 243 5546 tric
254 5491 353 5559 inihi-io
368 5492 524 5559 apostoliens
535 5489 626 5557 sedis,
642 5494 776 5561 praeseilto
792 5508 899 5564 neoniae
916 5494 995 5549 Petro

199 5580 388 5636 Alexandriam
406 5581 524 5637 ciritatis
546 5583 690 5651 episcopo,
705 5600 766 5639 euru
783 5588 931 5656 Apollinari
945 5604 995 5643 sno

199 5673 309 5728 doctore
322 5674 464 5727 danrnatus
478 5682 533 5739 est,
548 5681 575 5728 et
587 5671 614 5727 in
628 5673 672 5730 die
687 5673 782 5745 judieii
798 5685 930 5735 tormenta
945 5678 993 5736 de-

1053 3287 1232 3335 mutatorum.
1541 3330 1556 3357 ,

1087 3370 1114 3424 5.
1135 3371 1396 3427 hnatheuratizaruus
1413 3373 1571 3444 eborinum,
1587 3379 1631 3449 qni
1651 3379 1776 3439 liebionis
1794 3382 1852 3439 na-

1051 3461 1133 3516 resim
1148 3477 1295 3529 renorans,
1314 3463 1456 3521 bominum
1473 3479 1594 3524 nostrum
1607 3471 1700 3527 iesum
1712 3474 1847 3532 Christum

1051 3555 1138 3609 solnm
1154 3570 1186 3610 ex
1200 3555 1281 3610 hiaria
1297 3559 1448 3613 cantitetur.

1087 3646 1113 3701 a.
1135 3649 1398 3702 Auattiematizaorus
1411 3659 1491 3705 etiarn
1504 3665 1551 3708 eos
1565 3654 1610 3723 qui
1624 3652 1692 3710 ileos
1704 3657 1774 3712 fliios
1788 3672 1848 3714 esse

1052 3739 1229 3809 pmntenmr:
1247 3757 1327 3795 tinum
1344 3754 1406 3797 ante
1419 3744 1537 3814 menta,
1553 3755 1581 3802 ci
1592 3748 1673 3804 aliurn
1687 3760 1748 3820 post
1759 3756 1848 3807 carnii

1051 3835 1262 3901 assumptionem
1275 3847 1308 3888 ex
1321 3834 1438 3906 Virgine.

1088 3926 1114 3979 7.
1128 3926 1392 4009 hirathenratizamus
1403 3940 1432 3985 et
1443 3932 1491 3988 hos
1501 3935 1547 4004 qui
1563 3949 1610 4005 pro
1623 3937 1746 3994 rationaii
1760 3944 1847 3996 eninm

1051 4019 1121 4074 cirrrii
1138 4030 1212 4075 urant
1230 4022 1291 4091 quia
1308 4022 1355 4079 Dei
1385 4023 1502 4081 i'erbunr
1523 4029 1549 4083 in
1573 4027 1717 4087 hunranam
1737 4049 1848 4092 carnem

1052 4125 1212 4167 corrtcrsnm
1233 4122 1296 4193 cstg
1317 4116 1374 4185 ipse
1397 4131 1511 4188 natuque
1538 4118 1622 4176 Filius
1644 4122 1759 4180 l'crbum
1783 4128 1848 4191 liei,

1053 4218 1106 4257 nrm
1122 4219 1171 4272 prro
1186 4206 1309 4262 rationali
1329 4210 1417 4282 anirna
1436 4220 1461 4265 et
1483 4212 1641 4283 intelligibili
1666 4217 1693 4271 in
1716 4233 1766 4273 sno
1789 4236 1849 4275 eur-

1054 4309 1118 4361 pore
1133 4296 1219 4350 iaetus
1233 4306 1290 4359 est;
1307 4301 1355 4353 sed
1377 4309 1512 4368 crusnam,
1530 4305 1582 4359 hoe
1595 4315 1637 4360 est
1651 4309 1807 4365 rationalem
1822 4325 1849 4368 et

1052 4370 1248 4458 intelligibilem
1267 4393 1384 4447 arrimaur
1399 4396 1459 4450 sine
1479 4407 1589 4465 peccato
1609 4402 1756 4471 assernpsit
1768 4416 1849 4475 atqua

1052 4478 1177 4535 saltarit.

200 4569 321 4623 niiseitnr
343 4583 404 4624 csso
418 4569 597 4625 contraditum
611 4611 619 4635 ,
634 4569 751 4633 ⁸dicente
770 4579 867 4625 sancto
885 4572 968 4626 Paulo
985 4589 992 4624 ι
1011 4558 1037 4621 D
1085 4572 1112 4629 8.
1132 4574 1398 4633 anathematizamus
1410 4585 1438 4633 et
1451 4582 1553 4652 eosqui
1565 4583 1657 4641 dicunt
1669 4588 1786 4647 Verbum
1800 4592 1846 4647 liei

1050 4664 1226 4731 productione
1246 4675 1274 4721 et
1294 4669 1466 4739 corruptione
1489 4684 1505 4727 a
1529 4673 1607 4729 {latre
1632 4689 1798 4746 separatum,
1822 4694 1850 4738 et

1048 4759 1108 4813 sine
1122 4760 1292 4817 subsistentia
1306 4760 1370 4834 (Ed.
1383 4763 1462 4833 iiim,
1477 4768 1662 4841 snbstanti.r);
1677 4786 1740 4827 eum
1755 4784 1846 4831 auteur

1049 4853 1245 4908 terminandum
1265 4869 1326 4911 csse
1356 4857 1544 4926 blasphemant
1567 4873 1590 4913 ι.
1614 4861 1667 4917 iios
1686 4876 1775 4920 autem
1798 4870 1844 4937 ptri

1048 4942 1083 4997 ab
1099 4941 1274 4999 Ecclesiisad
1293 4944 1361 5000 alias
1383 4947 1520 5005 Ecclesiae
1534 4952 1731 5021 migraverunt,
1755 4959 1847 5013 tarrdiu

1049 5047 1065 5087 a
1080 5048 1170 5088 nostra
1185 5036 1375 5091 communnione
1389 5036 1492 5094 alienos
1507 5041 1635 5095 hahemus
1649 5044 1737 5101 dorice
1751 5049 1785 5103 an
1802 5064 1848 5106 eas

1050 5124 1162 5178 redeant
1173 5125 1295 5181 civitates
1308 5128 1333 5180 iu
1346 5127 1578 5199 quibusprimiins
1588 5133 1704 5191 ordinati
1719 5150 1792 5194 aurit.

1086 5217 1113 5271 9.
1136 5217 1165 5272 Si
1179 5219 1239 5288 piris
1253 5225 1425 5287 antem‚·aiio
1435 5223 1470 5278 de
1482 5224 1541 5279 mco
1557 5227 1699 5301 ririgrantc,
1710 5234 1743 5288 ad
1759 5236 1847 5294 locum

1048 5308 1163 5364 uiuentis
1176 5309 1315 5367 ordinatus
1329 5321 1385 5377 eat,
1405 5316 1494 5369 tandiu
1510 5328 1586 5372 vacet
1602 5323 1744 5380 sacerdotii
1761 5327 1845 5402 333

1048 5398 1191 5468 dignitate,
1215 5401 1260 5470 rpui
1286 5403 1419 5472 proprium
1444 5405 1563 5461 descruit
1583 5409 1739 5480 civitatem,
1760 5418 1847 5476 darrec

1047 5490 1106 5563 ejus
1120 5506 1261 5548 successor
1276 5497 1425 5565 requieseat
1441 5499 1466 5553 in
1483 5500 1606 5558 bortrino.

1084 5586 1128 5642 tb.
1150 5587 1178 5643 St
1192 5590 1252 5658 (puis
1262 5606 1314 5643 nan
1328 5590 1426 5648 dixerit
1436 5610 1542 5666 semper
1556 5598 1678 5667 Parem,
1695 5612 1722 5659 ot
1738 5604 1848 5681 Filium,

1047 5688 1075 5736 et
1087 5694 1195 5750 semper
1208 5680 1339 5750 Spiritum
1354 5694 1476 5741 sanetum
1490 5701 1564 5756 aseri,
1582 5693 1722 5748 anatliema
1739 5696 1784 5755 sn.

200 5836 202 5845 ⁴
234 5840 248 5872 ¹
268 5839 318 5898 lis.
333 5840 481 5903 Santlieod.
501 5844 547 5903 irie
568 5846 676 5915 apponit
690 5863 831 5905 nuinmm
847 5864 948 5934 nanum
960 5898 967 5923 ,
979 5860 1006 5910 et
1019 5850 1086 5908 alios
1101 5849 1228 5920 deinceps
1242 5857 1337 5906 mutat.
