4059 6184
187 399 256 461 luti

183 511 352 593 ‚sissinius
359 510 425 582 justi
441 501 548 577 (narrt.
565 515 649 566 stru,
659 496 708 567 il)
724 514 731 552 :
748 492 875 552 sicetiam
887 482 1018 543 nostraA

187 606 316 676 rrrajestas
325 614 433 669 semper
445 595 582 653 mandavit
605 591 818 664 persecutionem
834 599 887 640 uon
901 582 976 648 lieri,

185 712 274 763 noune
290 692 481 755 fluctuationes
496 687 608 753 interri,
624 700 675 741 nec
697 680 819 738 inridere
832 673 978 734 laboranti·
1029 661 1138 733 sionem
1153 657 1294 713 Trinitatis
1313 652 1463 711 scribentes

191 788 242 846 bns
255 790 281 844 iu
301 802 367 858 agro
393 783 539 849 dominico,
564 794 653 850 neque
675 776 874 845 dispensatores
890 765 979 836 rurgui
1030 750 1205 826 gaurentius
1227 759 1333 805 nostras
1348 747 1450 807 litteras

186 886 269 959 begis
281 882 435 951 expellerer
450 889 480 934 ut
497 892 549 930 uon
565 872 599 929 ad
620 882 738 940 presens
752 875 780 921 ot
793 863 844 919 sub
866 860 980 928 irnperio
1032 844 1165 899 tissimum
1193 842 1300 895 tranen
1325 847 1352 893 et

188 987 282 1033 nostro
296 988 420 1031 erescere
432 966 579 1028 rideamini
593 1007 600 1031 ,
616 972 644 1018 et
669 968 761 1033 postea
788 962 980 1012 testamentum
1032 933 1105 989 dium
1122 932 1317 1002 ilsssbilffl'llffl·
1332 929 1361 983 ¹¹¹

964 1057 979 1097 e
1033 1026 1114 1091 teris,
1130 1024 1204 1093 nursi
1222 1020 1284 1077 illud
1300 1021 1429 1081 retertur,
1445 1016 1517 1086 qtrod
1537 1014 1564 1067 in
1579 1009 1726 1066 Salvatoris
1740 1008 1825 1061 nostri

188 1063 387 1138 mellentini
409 1061 528 1117 subdere
550 1053 688 1127 passioni,
715 1051 785 1104 sicut
800 1049 827 1101 iu
846 1044 960 1113 sanguin

192 1157 341 1213 zacharia.
357 1154 410 1210 Sed
422 1152 460 1206 illi
476 1156 534 1221 post
549 1146 692 1203 aduentum
706 1138 814 1210 superni
828 1134 918 1205 [legis.
932 1134 981 1187 tto·

191 1250 256 1307 mitti
280 1244 454 1327 nostrilesu
475 1237 575 1296 Christi
597 1232 710 1304 disrupti
736 1239 817 1295 sunt,
841 1222 983 1283 contruditi

191 1338 271 1397 morti
290 1354 352 1394 euru
375 1333 499 1406 adjutore
521 1346 571 1387 suo
594 1328 716 1384 dentone
736 1331 903 1390 corruptore.
929 1315 986 1370 tio

192 1432 369 1504 praecepimus
396 1428 423 1482 iu
439 1424 570 1495 hageno,
590 1430 616 1477 et
631 1414 782 1491 ciceronio,
795 1420 824 1467 et
842 1410 984 1474 barrasson,

194 1536 221 1582 et
234 1526 389 1593 Laurpoue,
399 1531 427 1576 et
440 1516 579 1582 brintisio,
595 1513 639 1583 qui
652 1508 788 1564 auditores
804 1497 985 1560 lucrantes}

193 1620 275 1675 ctiam
296 1617 354 1686 ipsa
373 1612 449 1670 tubis
463 1619 536 1681 gesta
555 1604 718 1669 direximus,
739 1605 871 1669 quatenus
886 1607 987 1663 cogitu-

193 1709 317 1766 scatises
335 1720 396 1773 uuas
409 1706 436 1759 ln
455 1698 555 1758 crimin
569 1703 631 1752 suot
658 1690 772 1749 eortcilio
785 1686 928 1745 celebrata.
943 1679 989 1735 llis

804 374 841 429 ll.
858 364 998 428 AURELll
1016 357 1222 423 cusstobottt

1752 342 1825 398 adid

1032 480 1101 536 ritus
1123 476 1222 533 sancti.
1239 469 1420 542 Quamobrem
1442 465 1608 541 lustraminis
1631 461 1707 516 tultis
1718 460 1825 515 litteras

1029 570 1175 635 destinare,
1196 581 1249 623 non
1264 563 1424 636 quibusdam
1453 553 1727 635 argumentationibus
1756 550 1823 606 reli-

1476 647 1587 717 ,sedin
1609 642 1761 699 hurrrilitate
1780 655 1826 694 ro·

1466 738 1666 798 'destinavimus
1681 749 1729 805 per
1741 733 1826 788 dilcc-

1368 832 1589 892 consacerdotem
1606 835 1727 881 nostrum
1751 824 1825 893 Elpi-

1376 924 1552 996 prmsentihus
1567 921 1656 989 itaque
1672 917 1770 971 uostris
1783 915 1827 967 lit-

1034 1115 1097 1171 lesu
1122 1114 1221 1169 elusisti
1248 1111 1322 1166 libris
1350 1106 1496 1175 ascriptum
1512 1116 1567 1168 est,
1581 1100 1636 1173 Epo
1658 1099 1827 1169 qrtidcrusuur

1037 1209 1135 1274 l'ouli,
1150 1223 1197 1278 epo
1212 1213 1296 1258 nartem
1322 1200 1426 1274 Apollo,
1438 1216 1485 1270 epo
1499 1211 1556 1251 aero
1577 1194 1681 1261 ceptus.
1704 1189 1829 1256 Nunquirl

1036 1298 1137 1354 Paulus
1153 1298 1291 1366 crucifixus
1306 1305 1342 1348 est
1357 1309 1403 1362 pro
1424 1282 1511 1355 uehis,
1527 1296 1572 1342 out
1592 1286 1619 1338 iu
1634 1282 1735 1337 uuurine
1752 1277 1830 1332 l'uuli

1037 1389 1156 1461 baptisati
1169 1390 1227 1444 eatis
1240 1384 1267 1461 (l
1278 1385 1306 1442 Cr
1313 1402 1336 1439 r.
1351 1400 1369 1449 t,
1382 1381 1426 1448 ts,
1442 1380 1503 1449 tati
1518 1380 1551 1433 m
1564 1377 1622 1431 haee
1636 1374 1742 1445 quidem
1756 1370 1832 1425 suih-

1037 1488 1145 1544 ciebaut
1158 1483 1299 1540 inutilitati
1322 1490 1433 1543 nostrae,
1449 1476 1530 1530 etiarn
1545 1473 1568 1528 si
1595 1485 1648 1526 uun
1670 1466 1746 1521 uobis
1770 1465 1832 1519 uui·

1040 1578 1164 1635 uersales
1171 1575 1238 1630 litter
1245 1589 1275 1628 as
1286 1572 1462 1637 mitteremus,
1471 1574 1578 1635 propter
1589 1570 1689 1618 tantum
1698 1556 1833 1623 tirnoretn,

1040 1686 1120 1742 quern
1135 1668 1172 1723 ibi
1184 1666 1338 1739 predicaris
1351 1671 1453 1718 cunctat
1467 1665 1566 1713 vestrm
1586 1652 1741 1724 prouinciae,
1754 1648 1833 1704 aPa·
1935 1662 1942 1672 ·

194 1795 372 1871 amolireris
393 1792 514 1851 subdidit
542 1789 625 1846 ctiam
650 1786 774 1866 dogmata
799 1776 915 1841 concilii,
933 1773 990 1828 hace
1042 1774 1115 1821 treet
1125 1760 1193 1816 Filio
1205 1756 1335 1830 Spiritum
1350 1759 1473 1811 sunctum
1483 1747 1643 1804 dividentes.
1653 1739 1833 1812 Quamobrem

93 1933 95 1937 ,
195 1890 350 1947 sumntatim
364 1884 491 1942 habentia
506 1900 514 1937 a
527 1881 697 1945 Prolitemur,
707 1881 850 1945 sequentes
864 1880 988 1937 magnum
1004 1855 1028 1914 Β
1042 1854 1221 1912 necessarium
1245 1848 1386 1905 babuimus
1406 1843 1441 1900 ad
1461 1856 1510 1897 uos
1537 1837 1674 1894 destinare
1695 1832 1832 1887 dominnm

196 1982 431 2048 ortltodoxuntque
454 1974 616 2039 currciiiutn,
638 1964 892 2026 consubstantialem
920 1958 993 2016 Patri

197 2089 259 2139 este
274 2071 391 2137 iillum
403 2080 432 2125 et
446 2083 501 2124 non
524 2066 564 2121 sie
587 2060 762 2132 intelligimus
776 2051 992 2113 cousubstantia-

199 2167 270 2234 lern,
284 2166 364 2223 sicuti
383 2163 483 2221 dudum
502 2159 611 2232 quidam
636 2162 833 2226 exposuerunt,
857 2164 911 2205 non
930 2161 994 2202 rere

202 2259 422 2323 submissuros.
445 2265 472 2313 et
493 2269 565 2310 nuuc
585 2251 631 2308 alii
658 2250 719 2306 iilos
737 2255 863 2302 roearues
889 2241 993 2308 Patres,

199 2350 327 2407 uirtutem
339 2346 474 2405 sermonis
498 2350 645 2412 respuunt,
661 2350 687 2395 et
701 2345 848 2407 mutuentur
863 2349 910 2389 eos
927 2331 1000 2402 ,qui

202 2456 250 2510 per
264 2438 571 2497 consubstantialitatem
594 2430 795 2488 situilitudiuem
820 2425 995 2497 siguilieataut

201 2536 460 2604 escseripseruut3
484 2545 518 2584 eo
532 2527 602 2599 uuud
618 2524 684 2586 nulli
706 2499 874 2591 reliquarum
890 2527 997 2572 creatu·

203 2643 293 2681 rrrttm
308 2640 355 2691 prr
374 2639 434 2676 eunt
452 2622 579 2675 laetarum
598 2616 695 2673 similis
709 2616 744 2670 sit
756 2612 859 2677 Filius,
871 2609 923 2665 uisi
938 2617 998 2664 tau·

203 2716 340 2772 turrtrnudo
356 2713 438 2768 Patri.
453 2710 564 2781 Seduni
588 2707 647 2764 haec
668 2711 824 2776 exponunt,
848 2709 996 2758 creaturam

205 2807 365 2880 precipuum
386 2803 432 2859 ilci
455 2801 552 2856 Filium
567 2798 649 2869 impie
663 2795 852 2866 dogmatizant.
869 2791 923 2846 Nos
948 2791 998 2845 ita·

208 2914 261 2969 quc
275 2898 409 2964 sapimus,
425 2895 493 2950 sicut
504 2890 587 2948 etiam
598 2888 714 2945 concilia
727 2901 813 2956 nuper
826 2885 918 2940 Romae
931 2890 959 2938 et
969 2882 997 2937 in

207 2986 302 3048 Galliis
316 2987 463 3052 celebrata,
478 2998 558 3040 unarn
574 2974 998 3047 esseeamdcmuuesubstantiam

209 3082 313 3147 l‘atris,
330 3090 358 3136 et
369 3078 440 3144 Filii,
452 3086 480 3133 ct
493 3075 609 3147 Spiritus
622 3074 707 3129 sancti
725 3072 752 3127 in
767 3069 852 3125 trium
864 3065 997 3139 personis,

208 3171 279 3247 quod
291 3180 334 3226 est
346 3171 374 3225 in
387 3169 472 3225 tribus
493 3165 618 3235 perlectis
631 3159 822 3221 subsistentiis.
835 3157 1000 3215 Confitentur

209 3270 297 3319 utitem
313 3258 460 3316 secuudum
484 3255 620 3312 liicaenam
642 3251 853 3322 expositionem,
868 3259 896 3304 et
914 3248 1000 3303 incar·

210 3367 303 3414 ustum
321 3353 418 3409 Filium
428 3350 476 3407 bet
492 3330 748 3405 cousubstaitialem
763 3359 797 3399 cx
819 3340 927 3412 Virgiue
941 3355 1002 3394 sau·

210 3450 365 3517 stallatis,
381 3456 409 3503 et
421 3447 447 3502 io
463 3443 615 3503 bominibus
626 3439 804 3503 inhabitasse,
815 3445 843 3492 ct
852 3433 1004 3503 complesse

211 3529 439 3615 dispensationem
464 3554 514 3611 pro
535 3536 612 3594 nubis
628 3550 734 3591 omnem
760 3533 786 3587 in
811 3529 1005 3594 nativitatem

212 3634 352 3706 passione,
367 3644 393 3688 ct
406 3629 622 3694 resurrectione,
647 3636 673 3682 et
687 3627 712 3679 iu
730 3622 814 3679 cmlos
829 3619 1003 3681 ascensione;

213 3734 240 3783 ct
254 3725 353 3782 iterum
368 3733 530 3789 tenturum,
556 3730 585 3774 ut
597 3717 693 3774 reddat
714 3715 790 3770 uobis
803 3708 1005 3767 siritilitudiueut

213 3819 348 3886 ditinum;
362 3831 377 3871 a
392 3815 536 3885 seoretipso
547 3814 631 3869 bourn
650 3811 810 3866 existentem
825 3805 1004 3875 curttigertttu,

215 3921 242 3967 ct
257 3911 392 3966 huminem
410 3908 555 3964 licitarum.
572 3906 619 3961 llis
642 3918 707 3974 crgo
719 3917 779 3973 qum
793 3900 917 3970 [tenuiora
932 3905 1005 3960 suut,

214 4002 349 4059 contraria
373 4000 510 4069 sapientes
532 3997 798 4058 anathematizamus,
820 3999 907 4046 eteos
928 3985 1008 4043 simul

216 4096 262 4167 rprri
276 4109 329 4151 nou
349 4107 412 4147 sere
432 4089 658 4151 anathematizant
680 4098 742 4141 eunt
763 4087 807 4154 qui
822 4079 908 4146 dixit,
923 4080 1008 4135 Aute-

221 4201 299 4257 quarn
316 4192 487 4251 nasceretur,
504 4196 557 4237 uon
572 4179 622 4234 luit
636 4177 717 4233 Filius
727 4193 734 4243 ;
745 4175 790 4231 sed
804 4173 931 4242 scripsit,
947 4171 1009 4240 quia

217 4287 245 4337 rt
258 4287 400 4348 antequam
415 4288 498 4349 opere
509 4279 664 4328 nasceretur
677 4310 685 4336 ,
696 4250 794 4324 rirzutir
804 4274 863 4321 erut
876 4264 903 4319 in
916 4263 1006 4319 Patre.

222 4369 363 4428 lluccnim
388 4379 416 4423 ot
441 4368 467 4423 iu
491 4361 761 4420 omnihusereaturis
783 4366 842 4427 est,
870 4372 930 4427 qum
955 4369 1009 4409 nou

219 4479 327 4535 semper
348 4461 469 4518 eristum
491 4459 569 4515 siettti
599 4457 679 4512 betta.
704 4454 788 4509 lilius
810 4452 882 4507 eninr
906 4462 1012 4515 sempor

221 4571 281 4613 turn
297 4556 375 4611 Patre
389 4562 447 4621 est,
461 4544 624 4622 sempiterna
639 4547 779 4604 natiuitatc
789 4541 955 4614 progenitus.

257 4644 417 4716 iincipitur
437 4644 583 4712 imperator
601 4638 754 4695 suntmatim
767 4633 923 4708 significarit
937 4648 944 4686 ι
960 4646 1010 4701 ego

220 4753 286 4796 reru
300 4722 380 4813 etiam
393 4736 466 4805 ipsas
480 4732 586 4789 concilii
611 4730 715 4787 litteras
729 4725 866 4799 ponendas
876 4723 1013 4780 existimo.

219 4830 437 4892 Tnaonoueros,
459 4823 505 4879 itt.
532 4834 639 4893 tr,cup.
654 4821 681 4876 t.
712 4817 785 4873 lidia
809 4815 905 4872 Christ.
925 4812 1014 4868 Voles.

220 4936 278 4991 cup.
297 4921 330 4986 8,
345 4935 372 4990 p.
388 4914 449 4973 tit.

490 5110 496 5123 ,
534 5064 649 5124 CAPUT
670 5064 703 5120 X.

225 5190 344 5263 Epistola
373 5188 583 5260 lttprieiouonrn
609 5186 787 5256 episcoporum
812 5180 847 5234 ad
871 5176 1016 5234 orientales

259 5267 392 5391 meeum
428 5260 603 5331 profitentium
626 5254 868 5311 masalmaminlern
899 5248 1018 5305 Trinita-

215 5438 228 5457 “
263 5422 387 5495 epiecopi
403 5422 499 5494 lllyrici
514 5420 649 5491 episcopis
664 5415 842 5477 Ecclesiurum
869 5414 928 5479 Dei,
950 5411 1019 5468 dioe·

227 5528 325 5574 cuseos
340 5513 465 5576 Asiane,
481 5512 614 5583 uttrpgtu,
630 5507 837 5580 Curuplrrugiu,
855 5516 882 5561 et
896 5505 1021 5566 Pacatia-

239 5615 316 5674 tiua·,
331 5607 358 5669 iu
375 5607 489 5663 Domitio
503 5606 629 5670 salutem,

264 5718 492 5777 Curtrcuientlbus
506 5717 583 5773 uobis
597 5718 622 5772 iu
636 5733 737 5783 artum,
760 5724 790 5772 et
803 5715 891 5771 ltnbita
904 5712 1020 5768 ntasima

229 5814 376 5884 ll¹¹³³³¹l⁰¹¹⁰
390 5815 424 5870 (ιιι
448 5811 558 5867 stillari
573 5810 682 5880 Vetbtr,
708 5810 880 5880 prouentum
900 5807 1021 5861 cousub-

228 5902 382 5971 stantialcm
405 5918 467 5969 csse
480 5903 640 5966 Trinitatem
666 5902 770 5971 Patris,
786 5915 811 5958 et
828 5901 905 5968 lilii,
920 5910 946 5956 ct
958 5900 1020 5969 Spi-

1044 1958 1165 2007 rtuslrum
1179 1956 1207 2004 ct
1219 1942 1437 2002 conministrum
1450 1935 1584 2004 Elpidium
1609 1929 1804 2000 presbyterum,
1817 1941 1833 1977 a

1045 2046 1119 2116 regio
1140 2042 1295 2112 principatu
1317 2038 1498 2095 Romanorum
1521 2030 1573 2086 has
1596 2028 1700 2083 litteras
1713 2022 1838 2080 deleren-

1046 2144 1120 2197 tem;
1140 2142 1169 2189 ut
1192 2131 1217 2187 si
1231 2129 1299 2205 iorte
1315 2127 1376 2184 talis
1395 2135 1437 2181 est
1457 2120 1612 2193 praedicatio
1627 2125 1715 2172 uestra
1739 2126 1833 2183 cateno

1046 2236 1114 2293 scat,
1131 2221 1258 2293 quoniam
1280 2217 1326 2288 uni
1339 2210 1594 2274 consubstantialem
1609 2205 1683 2262 Trini
1697 2215 1765 2259 stetu
1783 2216 1836 2256 noa

1047 2316 1216 2389 pradicant,
1234 2312 1376 2369 anadrcma
1388 2307 1454 2364 siut.
1471 2303 1540 2359 Etsi
1560 2301 1620 2372 uuis
1635 2300 1677 2354 lris
1692 2311 1745 2352 non
1762 2308 1835 2348 rom·

1048 2410 1189 2468 munieans
1212 2405 1366 2468 inuenitur,
1381 2398 1525 2455 anathema
1549 2393 1595 2448 sit.
1621 2390 1669 2446 llis
1692 2398 1778 2443 autem
1793 2384 1839 2451 oni

1049 2496 1307 2558 consubstantialem
1322 2491 1470 2565 predicant
1484 2485 1664 2545 Trinitatem,
1691 2485 1842 2547 preparata

1048 2599 1112 2648 sunt
1124 2605 1207 2661 regua
1217 2587 1359 2645 emiorum.
1386 2582 1519 2653 [logztmus
1536 2589 1601 2644 ergo
1613 2578 1677 2639 uos,
1691 2569 1797 2625 iratres,
1812 2574 1842 2618 ut

1049 2700 1102 2741 nou
1114 2682 1186 2738 aliud
1202 2678 1339 2743 doceatis,
1354 2689 1407 2730 nou
1418 2669 1490 2729 aliud
1500 2665 1650 2728 introrsum
1665 2659 1713 2717 ted
1726 2657 1840 2714 conserb-

1049 2774 1203 2832 stantialem
1218 2785 1325 2840 semper
1336 2777 1364 2825 et
1377 2766 1476 2835 ubique
1491 2760 1667 2832 predicantes
1683 2750 1843 2809 Trinitatem

1050 2862 1224 2938 possidebitis
1238 2874 1351 2932 regnum
1364 2856 1424 2913 bei.
1437 2853 1478 2910 Oh
1493 2852 1545 2906 bue
1557 2847 1723 2909 scribentes,
1737 2855 1763 2897 et
1774 2855 1848 2896 corrr-

1051 2964 1247 3022 memurantcs,
1269 2954 1318 3006 has
1339 2949 1444 3004 litteras
1456 2942 1664 3001 destinavimus.
1680 2936 1718 2990 be
1732 2933 1840 3005 episeo-

1052 3050 1096 3120 pis
1110 3055 1201 3103 autem
1216 3040 1412 3101 constituendis
1425 3037 1468 3093 sel
1479 3031 1669 3091 comministris
1679 3031 1735 3100 jam
1750 3026 1843 3081 consti

1053 3141 1138 3202 tutis.
1161 3138 1184 3194 si
1199 3134 1394 3206 permanserint
1408 3143 1492 3198 usque
1515 3126 1549 3181 ad
1574 3127 1652 3178 linem
1668 3118 1737 3185 sarri,
1759 3117 1843 3175 bene:

1013 3220 1171 3301 Calioquin
1193 3244 1226 3283 ex
1249 3227 1308 3293 ipso
1332 3220 1500 3294 presbyterio
1523 3215 1699 3285 repellantur.
1716 3202 1844 3263 Similiter

1056 3322 1229 3393 presbyteros
1243 3327 1324 3387 atque
1338 3313 1468 3369 diaeonus
1483 3311 1509 3363 in
1524 3302 1685 3363 sacerdotali
1696 3300 1791 3355 urdine
1799 3296 1844 3350 de·

1056 3412 1207 3476 litririruns,
1228 3418 1257 3464 ut
1278 3399 1334 3463 sint
1356 3400 1609 3474 irreprehensibiles
1634 3394 1752 3462 turdique
1765 3432 1774 3456 .
1788 3400 1846 3446 cla

1055 3507 1142 3572 curia,
1159 3514 1187 3560 et
1201 3504 1235 3559 ab
1258 3499 1348 3556 olllcio
1368 3495 1490 3553 militari.
1507 3493 1651 3562 Propterea
1662 3502 1725 3557 ergo
1737 3485 1787 3539 boc
1801 3497 1847 3537 no·

1057 3598 1155 3654 luimus
1170 3591 1295 3664 plurimis
1312 3590 1400 3644 uerbis
1426 3585 1544 3641 scribere
1562 3596 1617 3646 ,eo
1634 3579 1705 3649 quod
1720 3570 1847 3631 direxeri-

1057 3703 1117 3745 mus
1127 3700 1210 3742 unum
1224 3698 1256 3738 er
1272 3680 1398 3737 omuibus
1412 3674 1548 3731 dontiuum
1563 3679 1683 3725 nostrum
1699 3675 1725 3722 el
1738 3663 1849 3720 commi·

1058 3783 1172 3841 arianum
1197 3774 1330 3845 Elpidiunr
1343 3812 1351 3836 ,
1366 3767 1488 3825 studiose
1501 3763 1718 3835 praedicationem
1734 3765 1849 3827 uestram

1059 3873 1247 3943 cogniturum,
1261 3867 1284 3921 si
1299 3865 1334 3920 ita
1355 3877 1386 3918 se
1399 3861 1514 3923 lrabeat,
1529 3856 1600 3911 sieut
1610 3852 1761 3908 audiuimus
1776 3865 1790 3899 a
1803 3849 1850 3898 do·

1060 3967 1133 4022 ntiuo
1148 3970 1243 4019 nostro
1266 3967 1295 4015 et
1319 3952 1513 4012 consacerdote
1534 3945 1686 4003 eustathio.
1702 3941 1741 3997 he
1754 3949 1852 3994 caetero

1061 4060 1122 4115 lieet
1135 4050 1279 4124 aliqnando
1303 4048 1330 4103 in
1353 4058 1447 4102 errore
1461 4039 1582 4105 lueritis,
1598 4038 1762 4104 deportantes
1777 4038 1852 4083 vete·
1874 4102 1878 4109 ἱ

1062 4166 1120 4207 rem
1136 4147 1292 4208 huminem,
1306 4136 1447 4195 induimini
1462 4147 1560 4190 narum
1576 4128 1687 4200 [coloss.
1701 4139 1740 4189 ut,
1750 4127 1779 4187 9,
1796 4120 1853 4190 ld).

1062 4243 1127 4299 llum
1140 4248 1168 4295 et
1192 4237 1252 4307 ipse
1272 4235 1354 4289 irattt
1369 4238 1397 4285 et
1410 4224 1596 4285 comminister·
1610 4217 1730 4289 Elp'dius
1748 4210 1855 4270 docebit

1064 4349 1111 4390 tus
1126 4345 1217 4388 reram
1239 4324 1385 4397 praedicare
1400 4298 1479 4376 iidem
1506 4334 1513 4370 :
1544 4313 1605 4381 utria
1628 4318 1720 4365 satrrta
1740 4304 1856 4361 Trinitas

1063 4418 1299 4483 consubstantialis
1314 4416 1369 4471 heu
1381 4424 1410 4469 et
1426 4411 1554 4474 l'atri,et
1576 4403 1644 4463 Frlm
1671 4418 1732 4456 euru
1756 4395 1857 4464 Spiritu

1065 4525 1159 4575 sancto
1169 4513 1353 4578 sanctificata,
1368 4504 1514 4580 glorilicata
1528 4497 1715 4569 ,rrrauilestata
1728 4502 1769 4547 est
1786 4505 1794 4542 ε
1809 4488 1858 4544 Pa·

1024 4604 1051 4665 lt
1065 4621 1106 4667 ter
1120 4611 1147 4665 iu
1162 4607 1241 4672 Filio,
1256 4604 1339 4660 Filius
1361 4603 1388 4657 in
1411 4599 1489 4654 Patre
1503 4634 1511 4660 ,
1525 4607 1586 4649 uum
1602 4594 1696 4649 sanctu
1708 4573 1819 4655 Spiritu
1830 4579 1859 4637 itt

1065 4704 1176 4762 sucula.
1193 4700 1251 4756 lloe
1262 4700 1354 4768 itaque
1368 4692 1517 4754 declarato,
1533 4693 1626 4756 aperte
1641 4679 1788 4752 poterimus
1796 4689 1861 4730 san·

1067 4809 1138 4854 elam
1168 4791 1330 4850 Trinitatem
1363 4784 1487 4843 curtiiteri
1516 4768 1770 4834 cutrsubstautialcut
1799 4779 1863 4819 essu

1067 4888 1216 4946 secuudum
1233 4882 1312 4939 iidem
1339 4878 1403 4934 olim
1426 4878 1451 4928 in
1474 4875 1561 4928 [lucu
1586 4863 1757 4936 expositam,
1782 4871 1863 4927 qtraru

1073 4982 1166 5037 Patres
1186 4976 1425 5032 confirmaverunt.
1450 4969 1506 5031 tina
1522 4962 1575 5017 tide
1594 4956 1748 5029 predicata.
1764 4948 1866 5018 poteri·

1072 5084 1132 5148 rurus
1141 5080 1286 5126 erroneum
1300 5061 1449 5117 drentoncru
1470 5051 1616 5108 declinare.
1641 5045 1699 5113 Quo
1710 5040 1866 5099 erstirmto,

1073 5161 1199 5234 punitione
1212 5155 1392 5223 nosmetipsos
1403 5150 1498 5204 litteris
1508 5145 1639 5213 degentes
1649 5136 1675 5190 iu
1688 5146 1753 5204 pace
1763 5128 1866 5183 sdma-
1884 5184 1891 5193 ,

1075 5255 1172 5309 biron-⁴.
1188 5247 1351 5318 scripsimus
1360 5244 1450 5310 irruite
1462 5235 1552 5298 rolris,
1568 5242 1596 5287 ut
1608 5226 1737 5285 noveritis
1753 5220 1879 5277 hristus

1074 5360 1135 5401 esse
1149 5343 1359 5401 rortdemnatos,
1375 5333 1499 5389 indentes
1512 5322 1635 5384 eortliteri
1656 5336 1690 5376 et
1706 5316 1793 5374 Putris
1805 5313 1872 5367 sub·

1075 5436 1175 5493 sunna
1189 5432 1284 5489 Filium
1298 5441 1324 5485 ct
1337 5428 1466 5498 spiritum
1481 5428 1615 5481 sanetum,
1630 5426 1744 5484 utrorum
1756 5406 1872 5461 nurniua

1076 5537 1139 5583 sunt
1151 5524 1285 5595 subjecta,
1305 5515 1510 5590 ttoipetnonitu.
1525 5507 1719 5568 Telemachus,
1736 5501 1872 5560 Farrstus,

1077 5621 1174 5687 ssetup
1184 5618 1266 5679 adca,
1289 5614 1447 5673 Amantius,
1469 5617 1497 5660 et
1509 5603 1661 5668 cleopater.
1678 5596 1741 5649 llate
1753 5604 1818 5658 erpo
1833 5590 1872 5641 itu

1077 5728 1107 5768 se
1122 5711 1219 5766 babent
1229 5748 1238 5773 ,
1250 5709 1275 5759 in
1291 5706 1376 5776 gloria
1392 5702 1490 5765 Patris,
1514 5703 1542 5751 et
1557 5693 1628 5756 Filii,
1642 5698 1671 5746 et
1682 5685 1798 5756 spriritus
1809 5694 1875 5735 sau·

1077 5805 1130 5870 cti,
1148 5802 1174 5855 iu
1196 5800 1295 5854 sucula
1311 5796 1486 5852 smettlurmn.
1502 5792 1597 5844 Amen.
1617 5785 1711 5838 Valere
1732 5794 1778 5830 sus
1792 5783 1875 5843 upta-

1077 5912 1135 5951 tnus
1152 5891 1225 5952 Patri
1250 5901 1278 5946 ct
1304 5889 1372 5945 litto
1399 5882 1531 5944 saltaturi
1546 5876 1665 5944 Christo,
1690 5888 1751 5929 cum
1777 5874 1876 5925 surreie
