4059 6184
154 244 209 305 385
815 261 996 321 t'ttttttttb’lt
1016 265 1116 322 ttttttt
1133 267 1154 323 l.
1741 288 1795 346 500

153 366 327 435 dissaepare?
341 366 453 423 additur
466 371 549 425 etlam
563 372 716 433 reuersuda
732 373 861 433 donnanae
873 377 948 430 nrlris
963 392 982 438 ,a
998 378 1094 447 guinea
1109 389 1265 447 regnantem
1291 382 1433 453 discernit,
1451 385 1594 443 domirmm
1615 391 1791 462 conspicuum

151 454 273 523 allectio,
287 473 303 512 a
318 472 371 530 qna
395 463 531 531 segregari
557 475 703 535 nequeunt,
718 466 765 535 qui
783 481 813 523 se
834 467 950 524 nominis
1002 466 1079 535 iacit;
1091 478 1119 524 et
1131 480 1240 541 praestat
1253 473 1370 530 hunuano
1385 477 1476 546 generi
1498 495 1531 534 ue
1544 479 1579 536 de
1593 491 1704 551 aspectu
1717 456 1791 552 prtu-

153 550 258 607 ueritate
269 552 428 621 junxerunt.
441 553 556 612 Proinde
566 556 641 612 illum
654 558 767 617 etillum
781 567 793 597 ⁸
809 557 950 625 legationis
1000 562 1069 634 cipis
1093 565 1179 634 possit
1206 567 1301 623 errari.
1330 567 1426 625 illrum
1450 580 1492 624 est
1515 572 1692 629 substantiam
1717 575 1791 632 illam

152 640 243 697 ..nteio
256 642 291 698 ad
305 645 503 701 serenissimam
516 647 643 718 pietatem
655 643 773 704 vestram
786 649 950 707 credidimus
1001 664 1088 711 morte
1112 657 1274 722 conlectam,
1290 675 1414 715 ormnem
1439 664 1473 718 ‹le
1498 678 1528 719 se
1551 673 1612 733 post
1633 667 1719 737 spatia
1735 675 1791 723 tam

151 731 330 790 destinandos
344 751 352 804 ;
376 745 406 791 ιιι
428 737 569 794 sinceritas
583 740 667 809 pacis,
680 754 742 809 qum
754 740 842 795 causis
862 756 951 795 erner-
1000 745 1072 814 longi
1095 751 1226 820 temporis
1250 752 1393 818 ersrrdare,
1409 754 1455 823 qui
1469 755 1539 808 surlet
1551 756 1619 811 visis
1630 759 1791 828 corporibus

150 822 278 893 gentibus
292 827 465 894 cognoscitur
488 827 569 883 inisse
588 829 691 894 vitiata,
707 830 823 885 detersis
836 841 949 887 conten·
998 837 1111 893 vulnere
1123 840 1250 896 sauciatis
1264 841 1291 911 [g
1306 843 1349 899 six
1363 843 1484 899 ellluere.
1499 844 1568 900 Nam
1583 863 1644 902 curu
1655 864 1705 904 sca
1720 864 1790 918 peno

152 914 281 980 tinnitibus,
304 915 332 970 iu
343 931 391 971 sna
403 916 529 988 deinceps
544 917 671 975 llrmitate
696 921 819 976 restituta
839 936 947 994 perma-
998 930 1135 985 mensibns
1145 934 1256 987 marina·
1267 932 1369 988 deliciae
1381 950 1396 988 a
1410 934 1484 989 vitali
1497 934 1596 990 luerint
1605 938 1699 1006 nigore
1713 954 1790 1010 sepa·

151 1016 215 1062 areat
229 1023 237 1060 ι
252 1008 317 1078 quia
342 1008 399 1077 pati
420 1024 466 1064 vos
493 1025 546 1064 nou
572 1010 707 1067 eredimus
726 1011 797 1067 inter
819 1021 948 1084 utrasque
997 1031 1073 1085 ratae,
1095 1024 1238 1092 sagacibus
1259 1026 1504 1082 naribusneseiunt
1525 1042 1585 1082 csse
1606 1029 1787 1098 gratissimae3

150 1098 948 1175 raptoremquarunnnmruuuncorpussubanitquis
997 1116 1790 1191 nittcuuesangutstttanebimaitqutrtspnaretuorro·

149 1189 319 1261 principibus
331 1191 413 1246 luisse
428 1190 600 1258 declaratur,
614 1194 714 1263 ²lltlt¹id
729 1192 871 1251 dlswfdlae
885 1210 948 1265 liet·
996 1206 1045 1261 ris.
1060 1206 1110 1265 llic
1123 1224 1184 1263 cum
1207 1208 1305 1266 inlecta
1319 1211 1401 1266 seruel
1414 1212 1564 1267 substantia
1577 1221 1741 1285 perseuerat,
1760 1221 1790 1270 et

149 1298 279 1351 puderet
295 1298 364 1354 qttas
377 1299 432 1341 nou
444 1285 531 1340 solnm
553 1294 664 1356 oportet
678 1288 748 1343 mter
762 1303 792 1345 se
806 1291 892 1343 otiosa
905 1287 948 1344 dl·
996 1299 1083 1354 nescit
1093 1308 1156 1355 ante
1165 1300 1297 1366 subtrahi,
1309 1316 1388 1370 onam
1400 1303 1482 1357 restis
1492 1304 1576 1373 possit
1588 1304 1788 1372 absumebant

148 1376 269 1439 kctioue
281 1376 422 1446 mujurrgi,
437 1392 530 1432 uersam
545 1377 627 1433 etiam
640 1377 717 1433 decet
731 1379 833 1436 mutuis
846 1380 946 1437 uiribus
996 1388 1019 1440 si
1033 1389 1235 1460 conchyliorum
1260 1392 1375 1459 qualitas
1390 1408 1443 1447 nou
1464 1395 1627 1456 cumetensi
1644 1395 1787 1452 torcularis

146 1467 282 1538 adjurari.
296 1466 410 1525 Romani
421 1470 496 1539 rogari
511 1485 592 1525 ιιιιιιιιι
607 1470 686 1536 selle,
701 1486 753 1526 una
768 1487 876 1543 semper
886 1472 945 1542 opi·
996 1480 1068 1534 illius
1081 1496 1133 1535 una
1146 1481 1278 1537 vindemia
1292 1493 1344 1552 est,
1360 1485 1440 1555 culpa
1464 1486 1589 1540 nimirum
1602 1486 1713 1545 artillcis
1722 1489 1787 1558 erit,

147 1560 193 1619 uio
205 1560 251 1615 sit.
265 1559 401 1631 Quiduuid
415 1570 443 1616 et
457 1577 506 1617 nos
517 1577 672 1633 possumus,
688 1565 786 1620 vestris
800 1565 944 1635 praecordis
996 1569 1039 1623 cni
1053 1585 1083 1624 se
1096 1570 1174 1641 copia
1186 1571 1257 1625 trulla
1271 1573 1416 1631 subtraxit.
1424 1574 1451 1628 ln
1466 1575 1518 1631 illis
1532 1586 1621 1631 autem
1632 1577 1787 1634 rubicundis

146 1651 311 1721 applicetur.
326 1649 498 1729 Quapropter
520 1653 690 1713 salutationis
711 1654 942 1711 borrorillceutiam
996 1657 1115 1716 dntibus
1127 1677 1188 1717 eum
1200 1663 1314 1718 albentis
1326 1680 1418 1721 comas
1429 1667 1508 1721 serici
1520 1665 1617 1722 doctus
1630 1666 1787 1725 moderator

146 1740 334 1815 pmelereutes,
347 1756 433 1813 prima
447 1751 538 1799 niente
551 1742 734 1814 deposcimus,
748 1761 782 1801 ne
793 1748 942 1816 suspenda-
959 1742 981 1799 B
995 1749 1142 1819 intinxerit,
1159 1753 1258 1808 trabere
1270 1754 1349 1809 debet
1360 1758 1482 1825 corporis
1493 1757 1663 1825 purissimam
1677 1758 1788 1813 castita·

149 1830 206 1885 isa
220 1830 301 1886 uobis
314 1832 528 1895 mansuetudinis
541 1843 638 1890 vestrae
647 1835 866 1904 gloriosissimam
877 1838 942 1894 cba-
995 1846 1059 1907 tem,
1075 1841 1136 1911 qnia
1164 1843 1257 1896 talium
1279 1861 1368 1899 renam
1389 1853 1495 1901 secreta
1521 1845 1644 1917 reingere
1660 1847 1787 1903 dicuntur

121 1919 265 2009 ⁴ritatem,
289 1936 371 1991 quam
393 1938 444 1992 ego
467 1939 577 1994 sperare
591 1924 681 1992 debui,
693 1926 799 1981 etiamsi
813 1928 872 1983 aliis
887 1944 941 1984 non
993 1931 1140 1988 immunda·
1164 1933 1228 1990 llaec
1250 1936 1271 1990 si
1301 1939 1391 1991 omnia
1412 1940 1592 2001 constiterint.
1619 1942 1641 1995 si
1665 1941 1691 1996 in
1712 1942 1785 1997 nulla

145 2010 284 2071 sileretur
308 2026 390 2083 posse
410 2014 534 2070 concedi.
559 2013 662 2075 Caetera
689 2032 754 2073 vcro
772 2032 821 2088 per
842 2018 942 2076 latores
994 2032 1071 2093 parto
1081 2027 1260 2095 pretermissa
1272 2025 1395 2081 videatur
1404 2042 1465 2082 esse
1475 2029 1642 2095 solemnitas,
1657 2031 1786 2086 miramur

142 2102 319 2172 praetutium
333 2105 427 2175 pietati
441 2114 537 2163 vestre
552 2106 634 2162 verbo
649 2109 817 2178 suggerenda
828 2111 942 2166 commi·
994 2127 1039 2172 tua
1055 2126 1082 2173 te
1096 2119 1215 2188 pericula
1231 2119 1340 2175 minime
1350 2120 1495 2188 cogitasse,
1509 2120 1573 2177 duur
1588 2122 1736 2193 sacrilegus
1750 2125 1786 2181 sit

142 2192 244 2259 simus.
259 2202 290 2250 ut
303 2211 354 2253 uec
363 2197 516 2267 epistolaris
525 2213 615 2254 senno
623 2200 780 2258 redderetur
792 2204 939 2268 extensior,
991 2219 1084 2264 reatus
1095 2210 1262 2278 negligentiae
1276 2210 1334 2284 [olii
1342 2248 1350 2273 ,
1366 2211 1428 2265 dum
1442 2210 1572 2281 sacrilegii
1582 2217 1617 2267 sit
1629 2223 1719 2268 reatus
1734 2229 1783 2269 ne·

142 2299 193 2341 uec
206 2285 310 2356 aliquid
324 2303 375 2358 pro
390 2288 551 2355 utilitatibus
566 2291 666 2353 nostris
687 2294 889 2363 praetermisisse
902 2296 942 2349 vi·
992 2300 1133 2371 gligeuterl
1158 2303 1184 2356 iu
1206 2302 1253 2356 tali
1268 2311 1343 2357 ueste
1364 2317 1486 2371 peccare.
1513 2302 1581 2369 Quid
1605 2305 1676 2358 enim
1700 2314 1785 2373 agunt

139 2374 281 2432 delemur·
994 2400 1034 2445 tot
1044 2393 1169 2457 artiliees,
1183 2402 1223 2447 tot
1235 2403 1376 2448 nautarum
1390 2404 1514 2457 catervae,
1528 2403 1567 2448 tot
1582 2395 1688 2449 lanriiize
1699 2398 1782 2450 rosti-

434 2493 602 2551 gppsppgp
622 2497 653 2558 ῃ,
991 2483 1103 2537 corum?
1114 2480 1154 2538 Τιι
1168 2498 1277 2554 qnoque
1298 2486 1424 2541 comitisa
1437 2486 1581 2542 subvectus
1595 2489 1677 2542 tantis
1690 2488 1782 2558 jubes,

232 2607 352 2647 mom
367 2594 375 2624 ι
391 2608 453 2649 ,Μ
466 2608 571 2648 mu„
590 2607 773 2655 mmmmm
786 2608 850 2648 m·
991 2582 1066 2629 tanta
1078 2583 1105 2631 te
1124 2576 1200 2631 istius
1224 2577 1340 2633 nominis
1363 2580 1571 2649 presumptione
1593 2578 1729 2645 delendis,
1753 2589 1784 2636 ιιι

144 2682 291 2757 decerpunt
312 2686 386 2740 illum
410 2687 572 2759 aepliaentioe
594 2689 664 2742 circa
684 2705 836 2758 purpuram,
863 2705 940 2760 quam
991 2682 1053 2723 cum
1067 2669 1157 2737 regale
1178 2685 1247 2740 opus
1268 2671 1387 2728 crederis
1400 2686 1491 2740 agere,
1508 2672 1534 2727 in
1560 2672 1652 2727 multis
1666 2673 1784 2730 videaris

173 2757 290 2826 siuptlis
304 2757 382 2810 anab
395 2757 430 2810 orl
444 2758 530 2811 mlum
545 2758 644 2830 repient
667 2761 767 2812 mittere
784 2758 900 2822 ‘solebat
914 2768 940 2812 et
991 2766 1119 2828 tauquam
1134 2761 1186 2816 tuis
1208 2762 1311 2817 civibus
1329 2763 1473 2833 imperare.
1496 2761 1555 2819 lloc
1569 2779 1634 2834 ergo
1658 2765 1781 2822 remissio

172 2827 303 2898 wilm
317 2843 349 2880 ‘⁸⁶
362 2827 466 2882 mmm
479 2828 649 2898 mmm
663 2844 786 2900 duflum
806 2828 937 2884 demnis·
991 2860 1036 2904 tua
1051 2853 1171 2921 negligit,
1186 2854 1258 2923 quod
1283 2863 1310 2909 te
1333 2863 1361 2909 ct
1374 2856 1400 2909 iu
1412 2855 1549 2926 prouincia
1564 2856 1738 2921 subtererat,
1752 2861 1779 2908 et

173 2939 292 2996 Comitis
304 2939 435 3012 Stephani
449 2942 632 2999 insinuatione
647 2943 839 3012 comperimus,
855 2957 940 2998 sacrae
990 2940 1024 2994 ad
1035 2952 1208 3012 conspectum
1220 2944 1540 3014 principisbouorabilem
1550 2945 1644 3000 uenire
1655 2943 1768 2999 iaciebat
1779 2986 1786 2999 .

140 3031 225 3089 restis
238 3046 351 3103 operam
362 3031 422 3105 [ms.
434 3030 549 3105 erip,
561 3030 721 3104 superioral,
735 3048 816 3102 quiam
828 3049 877 3088 nos
888 3050 937 3088 so·
990 3030 1067 3097 buon
1079 3033 1101 3086 si
1117 3040 1143 3087 te
1158 3032 1293 3089 lacultatis
1304 3042 1355 3090 tuae
1369 3034 1458 3090 adbuc
1472 3049 1535 3088 cura
1559 3049 1613 3089 non
1626 3033 1737 3102 deserit,
1758 3034 1782 3089 sl

140 3124 241 3181 iniustas
268 3124 421 3180 neccssaria
449 3122 621 3181 testinatione
643 3125 793 3194 compleri,
814 3124 937 3196 disrupto
952 3110 974 3171 C
989 3123 1084 3179 salutis
1098 3125 1214 3193 propria>
1235 3126 1320 3194 tangit
1333 3123 1454 3189 allectus,
1469 3126 1537 3180 iutra
1552 3124 1625 3180 illum
1645 3124 1716 3179 diem
1732 3127 1784 3180 itu·

140 3216 228 3285 magis
240 3213 336 3271 labore
346 3215 467 3285 pendere
481 3233 488 3269 ι
503 3215 546 3271 eui
561 3231 669 3271 cursum
685 3213 750 3288 leel..
767 3213 856 3287 nsum]
873 3217 938 3271 sub·
988 3217 1109 3273 minente
1133 3219 1181 3273 tibi
1198 3219 1293 3273 barum
1315 3217 1458 3288 portitore,
1473 3232 1534 3273 cnm
1558 3216 1641 3271 blatta
1655 3214 1686 3283 ⁴,
1699 3229 1781 3285 qnam

140 3306 278 3365 trabcudo
306 3306 472 3373 solemnem,
493 3307 703 3363 abominandam
726 3308 816 3378 potius
838 3308 938 3364 interro
988 3320 1082 3365 nostro
1103 3309 1306 3366 cubiculodare
1319 3309 1398 3364 arrius
1411 3307 1524 3380 nuptis
1542 3307 1718 3369 conseruisti,
1734 3321 1783 3362 vc·

140 3396 318 3467 uigttoscerls
332 3396 495 3455 tarditatem.
508 3395 651 3457 Credimus
661 3397 733 3453 enim
746 3398 864 3469 aliquem
875 3413 939 3468 pro-
988 3402 1047 3459 uirc
1056 3401 1153 3457 festina
1169 3402 1251 3473 :qnia
1263 3401 1319 3471 iam
1332 3416 1386 3455 ιιοιι
1405 3400 1607 3471 compulsorem
1621 3397 1654 3452 ad
1668 3407 1696 3453 te
1716 3397 1780 3452 mit·

141 3489 251 3545 seruisse
271 3487 435 3558 neglectum,
457 3497 487 3545 ut
499 3497 547 3544 ant
566 3489 655 3548 crines
678 3489 715 3544 illi
731 3490 821 3555 lactei,
836 3504 937 3549 carneo
987 3490 1079 3557 timus,
1091 3489 1140 3546 sed
1154 3491 1278 3552 ultorem,
1297 3490 1319 3545 si
1334 3489 1422 3557 alinea
1433 3488 1582 3545 credideris
1596 3489 1780 3543 ludificatione

140 3578 280 3651 ΙΙιινιιιιι,
310 3581 378 3651 [σιω
401 3578 518 3652 aheneo]
539 3581 637 3651 poculo
657 3581 698 3636 bis
726 3590 819 3654 terque
835 3581 935 3647 satiati,
987 3580 1156 3636 tardandum.
1173 3580 1272 3635 ilerum
1297 3580 1357 3634 talis
1382 3588 1509 3648 tantaque
1537 3594 1591 3644 res,
1605 3594 1686 3648 quarn
1707 3577 1781 3635 lacill

141 3666 324 3737 pulcherrima
335 3668 424 3725 uulnus
435 3668 568 3725 ebrietate
580 3669 730 3733 rubuerint
742 3676 788 3729 aut
802 3669 871 3727 latim
882 3684 936 3725 nou
986 3671 1084 3739 legitur
1099 3672 1207 3725 itasenta
1234 3668 1419 3738 compendio?
1433 3667 1501 3722 Cum
1525 3667 1596 3722 larue
1609 3668 1685 3722 carris
1698 3667 1777 3724 asida

141 3757 283 3813 Ιιιιιιειίιιι
310 3756 440 3813 adorandi
465 3757 535 3832 [usa.
549 3758 630 3820 aad..
646 3756 805 3829 arlorrmudi]
826 3760 936 3817 muricis
986 3762 1013 3815 iu
1027 3760 1108 3833 Tyrio
1122 3771 1134 3799 t
1149 3761 1239 3816 littore
1250 3760 1373 3830 proiecta
1388 3758 1529 3831 conchylia
1548 3757 1686 3829 impressis
1698 3772 1778 3812 man-

140 3847 364 3917 pretiosissimam
379 3849 536 3918 qualitatem
549 3847 574 3904 l.
587 3849 758 3921 Quapropter
771 3848 794 3906 si
808 3865 935 3920 perscru-
985 3852 1084 3907 dibulis
1096 3851 1272 3914 contudisset,
1289 3849 1333 3904 illa
1345 3848 1502 3903 naturaliter
1513 3848 1654 3902 bumorcm
1669 3846 1779 3914 sangui·

141 3936 387 4010 tatorllydruutini
397 3940 479 3994 maris
490 3938 576 3994 inlusa
588 3938 656 4011 [ulii
666 3922 814 4005 intusaeei
823 3937 935 4011 intrusa]
987 3958 1068 3998 neum
1080 3942 1236 4008 dellucntia,
1250 3956 1298 3995 ora
1314 3940 1374 4008 ejus
1387 3939 1503 3994 mirabili
1517 3938 1610 3994 colore
1629 3939 1778 3993 tinxerunt.

140 4028 284 4102 conchylia
313 4029 472 4087 solemniter
505 4028 673 4085 condidisset
702 4039 767 4101 apto
803 4039 934 4100 tempore,
985 4032 1020 4086 b‘t
1034 4042 1063 4088 ut
1084 4043 1126 4089 est
1148 4048 1207 4088 mus
1218 4031 1381 4094 bominibus,
1403 4030 1562 4087 ownoms
1575 4030 1730 4102 repentinas
1743 4027 1780 4083 ad

140 4131 255 4173 aconas
270 4118 316 4175 illc
330 4118 491 4190 Neptunius,
516 4129 661 4189 generator
686 4120 807 4175 llorentis
827 4135 936 4191 semper
985 4134 1060 4181 artes
1082 4124 1192 4188 ducem,
1221 4123 1284 4181 tatia
1297 4122 1421 4192 exempla
1449 4122 1628 4185 meditantes,
1654 4120 1780 4175 lecerunt

140 4220 267 4280 purpure
283 4221 307 4274 ι,
321 4220 434 4266 ornator
455 4209 527 4278 solii,
552 4225 689 4289 argutarum⁴
706 4211 784 4280 eopia
802 4211 935 4268 resolutus
984 4213 1150 4286 principibus
1173 4212 1257 4270 dectus
1279 4214 1369 4267 nobile
1384 4211 1394 4252 t
1410 4213 1444 4267 de
1462 4227 1491 4266 re
1511 4226 1571 4281 ursae
1598 4210 1776 4264 substantiam

141 4300 255 4358 imbrem
268 4302 386 4359 aulicum
407 4302 533 4359 llammeo
548 4303 652 4372 liquore
667 4302 780 4363 laxaret.
797 4302 880 4359 Color
894 4303 936 4357 ul·
985 4306 1106 4361 noscitur
1119 4304 1220 4359 babere
1231 4304 1406 4359 mediocrem.
1421 4300 1476 4355 an
1488 4300 1574 4373 Tyros
1584 4309 1627 4353 cst
1638 4297 1773 4369 lli-droa·

140 4394 194 4451 tario
207 4396 304 4469 lepore
318 4411 445 4465 seruans,
455 4394 607 4453 obscuritas
621 4394 730 4461 rubens,
746 4396 857 4471 nigredo
868 4409 933 4455 sen·
984 4395 1092 4461 italica,
1107 4394 1224 4455 attlicum
1248 4394 1369 4465 proiecto
1392 4392 1558 4456 vestiarium,
1587 4404 1641 4444 tion
1665 4390 1777 4460 antiqua

177 4563 340 4619 ¹¹Baronius
353 4562 491 4619 existimat
514 4561 566 4618 hos
586 4562 691 4630 legatos
704 4558 786 4615 luisse
802 4556 930 4614 Faustum
947 4556 1024 4619 Drlri
1049 4555 1177 4637 operibus
1205 4553 1355 4637 continenti
1379 4551 1535 4620 eonjtmeta.
1561 4549 1663 4622 Tyrus,
1692 4548 1781 4632 iniquit

141 4644 169 4692 et
181 4634 323 4690 lreuaeom.
338 4631 406 4689 tide
430 4641 497 4689 tom.
521 4632 555 4687 lll
573 4630 684 4694 douai,
699 4644 764 4685 ιιιιιι.
786 4626 851 4685 Cltr.
867 4628 931 4693 tet,
984 4626 1087 4681 l’liuius
1102 4623 1173 4696 (lab.
1184 4641 1204 4708 ,s
1219 4622 1383 4707 dublina,
1396 4639 1456 4693 cop.
1473 4620 1527 4704 llll,
1541 4621 1677 4701 quondam
1692 4621 1779 4677 tusrrla

141 4704 369 4831 ΜΞ’(ἰιιιιιιῖιίιιιιιιιι·
383 4774 427 4830 bic
446 4787 570 4846 purpurat
594 4770 679 4842 princi
701 4769 751 4824 alis
774 4776 803 4825 et
822 4769 933 4831 ιιιιιιίιὶι
984 4693 1779 4846 pffipltpleptaanrprispptarppepppswplzspppsrrsuppppppps,‘pppis

142 4846 290 4916 descriptio
300 4853 330 4899 ct
343 4860 417 4900 usus.
433 4844 491 4912 Qoa
506 4848 539 4899 de
550 4859 579 4898 re
596 4840 657 4897 vide
694 4840 740 4894 liu.
754 4838 801 4894 lib.
817 4856 855 4901 ιι.
870 4855 931 4911 cap.
984 4854 1063 4901 nens,
1078 4838 1143 4892 olim
1158 4844 1236 4907 partu
1249 4835 1334 4917 clara,
1350 4837 1460 4890 urbibus
1473 4842 1571 4902 genitas
1587 4831 1673 4911 Lepti,
1691 4827 1778 4909 Utica,

141 4914 186 4972 35.
203 4915 297 4985 Virgil.
312 4915 360 4972 lib.
375 4930 402 4970 nt
415 4913 506 4984 Eum.
522 4924 551 4970 et
564 4926 591 4968 tt
605 4910 711 4967 AEneitl.
731 4908 837 4966 Parum
847 4910 932 4965 Bnos·
984 4917 1012 4964 et
1032 4910 1077 4963 illa
1092 4906 1208 4962 llomani
1222 4908 1327 4976 impern
1340 4905 1447 4970 minoia,
1464 4915 1595 4959 terrarum
1609 4900 1682 4954 orbis
1698 4902 1778 4980 asota

142 4986 245 5044 uos-l.
262 4983 294 5041 C.
984 4977 1158 5046 Cartbagine,
1184 4978 1265 5031 etiam
1292 4975 1410 5031 Gadibus
1435 4983 1510 5029 extra
1530 4976 1623 5028 orbem
1648 4968 1776 5023 conditu.

180 5057 447 5128 ‘florentioremper
468 5054 546 5110 urtica
572 5053 707 5113 dictione,
741 5057 771 5106 ut
793 5049 934 5108 Lucretius
986 5048 1162 5106 Noncomuis
1185 5047 1245 5117 ejus
1259 5047 1385 5102 nobilitas
1402 5045 1544 5116 conchylio
1562 5051 1643 5110 atquc
1663 5048 1692 5091 et
1714 5054 1779 5106 pur·

142 5128 189 5185 ttb.
203 5145 224 5189 ι.
235 5140 298 5198 pag.
313 5125 360 5193 ts,
373 5126 589 5194 semperflorentis
601 5122 718 5176 deuteri.
986 5135 1054 5243 pura
1078 5125 1184 5175 constat
1205 5136 1212 5171 ι
1233 5126 1262 5172 ct
1287 5117 1339 5173 ltoc
1361 5125 1404 5173 eat
1433 5118 1505 5185 quod
1528 5122 1623 5171 auctor·
1647 5109 1776 5163 declarat.

178 5197 295 5254 όΙίιιίιιι
319 5200 358 5252 rei
382 5196 505 5252 meminit
523 5195 640 5249 Aetnilius
666 5190 768 5246 Statius
792 5189 839 5245 lib.
857 5206 875 5245 ιι
899 5189 933 5246 de
1010 5206 1084 5244 ross.
1504 5254 1510 5266 ·

143 5270 235 5347 amor.
291 5282 353 5331 nc.;
367 5275 395 5321 et
408 5265 555 5348 Cclrenns,
567 5274 605 5347 ,et
629 5261 744 5343 Prsllucis
766 5257 931 5343 Onomastic.
1025 5259 1035 5298 t
1054 5259 1169 5343 lusitano
1178 5273 1238 5341 rein
1253 5257 1316 5340 side
1327 5256 1476 5355 pntobium
1494 5254 1540 5309 lrb.
1557 5270 1586 5318 u,
1606 5270 1674 5379 ppg.
1701 5254 1777 5321 Μὴ

143 5339 190 5395 trb.
205 5355 225 5395 ι.
241 5338 330 5392 Blatta
352 5347 507 5393 estrermts
522 5330 825 5455 lucdoga,tputalneem
840 5331 932 5386 ardere
986 5340 1015 5385 et
1028 5330 1140 5384 llarsum
1154 5327 1255 5384 luctor.
1272 5343 1302 5409 ¹¹¹.
1313 5326 1412 5409 benet.
1426 5325 1472 5406 lib.
1484 5340 1513 5388 u,
1530 5338 1590 5424 pag
1642 5369 1649 5380 .

144 5425 197 5462 uon
211 5416 311 5479 potest,
324 5408 395 5463 uude
407 5422 457 5478 per
469 5414 576 5461 noctem
591 5403 671 5459 ambo
683 5411 721 5465 at,
736 5415 751 5455 a
765 5401 858 5456 colore
869 5416 934 5455 nun·
1024 5409 1037 5448 t
1052 5398 1172 5481 ilydron,
1196 5413 1256 5467 que
1279 5406 1428 5478 ctrrtasest
1455 5412 1479 5448 ιιι
1506 5395 1594 5451 Ιιιιιι,
1610 5396 1681 5467 apud
1696 5411 1777 5466 priam

142 5488 252 5601 papatui,
266 5476 540 5561 queuersmprebcnsa
569 5488 677 5528 titanum
697 5471 788 5553 tingit,
802 5469 935 5596 .¹p¹·'¹d⁰1⁸‘
987 5469 1128 5594 concgrylpp
1140 5464 1696 5593 [pepprppntpp”pppputmcthpppppnillprppa
1715 5466 1779 5594 lpppe

144 5545 935 5681 fffflgffluffg’gefflgpfmmmemmo&
987 5554 1176 5690 ppswc.
1217 5556 1260 5690 r.
1319 5555 1343 5690 ‘u
1491 5678 1497 5691 t
1571 5676 1588 5689 n
1610 5578 1628 5593 ..
1685 5576 1691 5592 .
1755 5577 1776 5692 .,

182 5698 194 5726 ⁰
212 5688 301 5761 Tyros
313 5689 379 5744 orbs
389 5686 438 5742 luit
452 5684 593 5743 Pbteoiees
606 5682 671 5742 olim
681 5681 867 5747 celeberrima,
882 5696 935 5737 uua
1024 5679 1033 5709 ¹
1049 5678 1112 5744 alar,
1128 5675 1277 5761 {brudmere
1302 5693 1364 5759 aaron
1382 5687 1517 5745 uitatem·
1543 5677 1604 5746 alu,
1627 5676 1780 5734 Tbtodome

146 5766 179 5813 ss
190 5759 292 5830 murra
301 5757 431 5828 Tripolim
439 5754 649 5823 elllciunt;olim
660 5754 758 5821 insula,
769 5748 936 5810 satalenus
992 5750 1183 5815 ruminastis:
1200 5750 1256 5814 alu,
1268 5746 1375 5804 lirum.
