4059 6184
159 271 209 330 'iil
768 269 950 328 ululabunt
970 270 1071 328 tuna
1092 272 1156 328 llll.
1740 263 1795 326 70!

159 391 233 449 enim
248 402 297 446 nec
308 387 365 446 risu
379 395 464 456 grata,
484 403 534 445 nec
544 385 674 460 iumentis
690 389 874 447 accommoda.
889 389 952 445 Ele·
964 394 989 454 Α
1003 389 1076 461 pium
1086 406 1190 447 summa
1202 388 1357 446 decurrunt⁴
1372 388 1484 446 Additur
1494 389 1567 461 quod
1583 396 1698 460 utroque
1710 387 1795 462 latere

160 489 281 540 mentum
300 479 507 552 pulcherrimum
522 479 700 549 quidem-sed
714 495 775 536 cum
790 481 817 536 in
837 481 952 536 naturali
1004 483 1112 554 copiosa
1128 481 1230 538 marina
1247 483 1366 554 possidet
1383 482 1596 560 frequentatione
1616 479 1794 545 commercia,

161 571 280 643 puritate
292 576 425 625 servatur·
440 567 505 625 Sine
523 569 575 626 bac
588 571 645 640 agri
658 569 791 642 squalent,
807 571 887 626 tttbcs
906 586 954 625 an·
1003 585 1034 631 ut
1047 583 1075 631 et
1087 576 1202 647 propriis
1226 575 1352 631 tirrctibus
1365 573 1506 632 affluenter
1519 574 1659 639 exuberet,
1666 581 1694 628 et
1715 588 1795 643 pere·

162 663 225 718 bela
245 661 367 718 siccitate
387 659 531 731 fatigantur
552 660 652 736 [duret.
675 659 907 734 lepitanhelant];
925 670 954 716 ut
1003 667 1081 736 grino
1095 681 1167 737 penu
1181 667 1319 722 vicinitate
1330 667 1451 721 littorum
1462 665 1657 735 compleantur.
1670 663 1684 701 b
1697 664 1797 718 Viront

163 754 262 811 mento
274 752 385 823 antiqua
399 753 542 824 prudentia
556 769 623 825 quos
633 769 649 808 a
659 755 742 810 ciuica
753 754 955 810 conversatione
1004 759 1060 814 illic
1079 758 1171 814 rustici
1186 757 1273 829 epulis
1287 758 1461 826 urbanorum,
1473 757 1623 812 mediocres
1636 762 1725 810 autem
1746 754 1796 809 ab·

162 842 344 914 mepaudos
368 858 430 901 esso
451 842 591 912 judicarit,
614 859 744 915 aquamm
768 844 956 900 interdictione
1005 849 1134 905 undantia
1153 846 1370 919 prmpotentium,
1387 854 1418 904 ut
1443 862 1493 903 nec
1515 846 1624 901 minima
1638 845 1675 901 ibi
1688 842 1796 899 fortuna

162 936 311 1009 punierit·.
325 936 495 1008 Quapropter
507 947 561 993 tam
572 937 691 994 utillimae
700 938 739 994 rei
749 938 867 994 omnium
875 937 957 993 debet
1005 942 1090 1012 copiis
1104 941 1235 1012 probetur
1246 950 1370 1011 excepta.
1385 940 1461 996 llanc
1473 954 1539 1008 ergo
1553 938 1717 1010 prouinciam
1732 935 1798 992 eiri-

163 1027 275 1085 studere
297 1042 464 1097 consensus;
478 1029 541 1101 quia
564 1029 629 1086 civis
652 1030 770 1086 animum
787 1045 843 1087 non
864 1030 956 1099 babet,
1006 1034 1107 1090 tatibus
1128 1032 1223 1089 nolunt
1246 1032 1375 1104 incolere,
1386 1046 1466 1103 quam
1490 1032 1533 1087 rel
1555 1031 1583 1086 in
1597 1030 1670 1099 agris
1690 1028 1747 1085 suis
1767 1042 1799 1085 se

163 1118 214 1190 qui
226 1118 300 1176 urbis
313 1132 369 1176 suae
380 1119 466 1190 gratia
479 1135 533 1177 non
548 1127 665 1178 tenetur.
1005 1123 1125 1182 latentur
1138 1126 1248 1182 omniuo
1261 1124 1384 1193 diligere.
1408 1123 1477 1192 Quid
1498 1121 1609 1195 prodest
1622 1128 1713 1177 tantos
1725 1119 1799 1175 ciros

753 1208 758 1214 ’
1007 1215 1092 1271 latere
1102 1213 1198 1271 litteris
1210 1213 1374 1272 defaecatos?
1389 1213 1467 1270 Pueri
1481 1213 1631 1270 liberalium
1643 1210 1799 1268 scholarum

348 1312 353 1318 ’
425 1273 591 1332 ΕΡῙΒΤΟΜ
608 1274 703 1333 ml·
1007 1313 1169 1362 conventum
1187 1314 1312 1376 quarunt
1323 1323 1331 1373 ;
1343 1313 1371 1362 et
1389 1320 1453 1362 mor
1472 1312 1503 1361 ut
1517 1302 1577 1360 loro
1588 1303 1726 1375 potuerint
1738 1312 1803 1358 osse

261 1377 363 1421 sumo
375 1378 438 1419 rroo
448 1379 601 1422 arserimus
611 1381 793 1425 ornatamcus
805 1382 868 1424 sur.

240 1454 247 1465 .
283 1453 290 1466 .
421 1454 428 1466 .
593 1455 627 1470 ..
707 1457 714 1470 .
1007 1396 1090 1466 digni,
1106 1398 1197 1455 statim
1220 1398 1352 1469 incipiunt
1371 1398 1470 1468 agresti
1492 1396 1660 1452 habitatione
1681 1393 1798 1451 nesciri:

166 1450 334 1536 P'Qm’im
353 1452 503 1536 mmm
516 1454 698 1541 amnium.
731 1455 813 1541 m?
831 1467 959 1529 ‘mm‘
1061 1485 1102 1541 fii
1142 1487 1235 1543 tutd
1254 1487 1279 1543 di
1328 1487 1543 1543 nt·erudiuntur
1564 1493 1641 1542 utne
1659 1485 1678 1539 li
1696 1491 1801 1540 ant·et

201 1523 324 1578 martes
333 1539 408 1594 omnm
419 1522 697 1597 eunoier,fideyurrorr
715 1528 959 1600 ordottaooennquc
1008 1502 1059 1558 pm
1078 1503 1161 1554 Μ’
1210 1503 1252 1591 „⁰
1281 1503 1326 1544 ⁵⁰³
1364 1530 1372 1555 t
1544 1528 1552 1555 ’
1642 1499 1695 1556 Η
1750 1527 1757 1551 ⁸

202 1593 370 1660 interposita,
383 1594 536 1662 promittant
566 1596 702 1668 unanimi
715 1599 778 1652 unni
796 1598 960 1667 parietum:
1008 1591 1069 1634 cum
1091 1591 1172 1649 agros
1191 1577 1355 1648 diligunt,se
1369 1592 1460 1634 amare
1482 1592 1536 1633 oon
1558 1582 1668 1631 norunt.
1695 1574 1802 1642 eraerat

202 1660 323 1716 nitoribus
335 1678 399 1734 quas
413 1663 525 1719 incolere
537 1663 674 1720 maluerint
683 1683 832 1739 mansuros.
1009 1667 1129 1723 eruditus
1140 1666 1186 1723 ubi
1197 1668 1283 1739 possit
1304 1667 1422 1725 existere
1439 1667 1573 1738 gloriosus
1588 1683 1595 1719 ε
1610 1664 1728 1737 prudeus
1749 1663 1813 1722 ire.

202 1753 272 1810 Cum
285 1765 312 1811 te
325 1754 511 1827 protectorum
521 1756 641 1814 consiliis
652 1757 822 1817 laudabiliter
831 1758 959 1816 inhaeren-
974 1758 1148 1828 liquentiam
1161 1774 1215 1815 non
1227 1766 1337 1830 respuat
1351 1759 1500 1825 hominnm,
1513 1757 1540 1812 in
1553 1771 1605 1828 qua
1616 1770 1645 1811 se
1656 1754 1730 1810 norit
1743 1768 1804 1810 esse

167 1849 225 1897 tem
247 1842 338 1898 omnia
361 1841 486 1901 didicisse
506 1844 649 1902 credamus
666 1862 726 1918 quae
749 1848 785 1904 ad
806 1848 959 1920 reipublicae
1010 1848 1184 1905 laudandum.
1197 1847 1303 1920 tttnqn
1313 1850 1457 1905 virtutibus
1469 1848 1539 1903 lama
1552 1847 1664 1913 tollitur,
1673 1845 1696 1901 si
1709 1860 1803 1902 earum

166 1939 268 1986 statum
279 1930 415 2001 pertinent
428 1934 664 2004 componendum,
679 1935 797 1992 maxime
809 1938 959 2008 cognovisti
1009 1938 1106 1994 merita
1121 1938 1148 1994 in
1162 1937 1316 1995 bominibus
1329 1937 1493 1994 nesciantur.
1512 1935 1581 1992 Nam
1600 1934 1679 2005 quale
1698 1933 1804 1991 deside-

167 2019 267 2077 ltteris
279 2021 397 2078 eruditus
409 2022 548 2092 pulchram
562 2039 622 2082 esse
638 2025 732 2084 taciem
745 2027 883 2085 civitatum
898 2045 959 2101 qum
1009 2029 1079 2085 rium
1093 2036 1135 2085 est
1148 2029 1245 2085 ortum
1268 2026 1445 2099 frequentiam
1459 2026 1602 2093 deserere,
1617 2040 1679 2081 cum
1701 2025 1805 2095 aliquas

168 2110 329 2182 populorum
351 2111 498 2183 probantur
521 2113 620 2170 babere
644 2117 870 2175 conventumsic
888 2120 960 2177 enim
1010 2132 1118 2189 quoque
1139 2118 1228 2174 auium
1243 2118 1445 2174 conversationi
1469 2117 1592 2172 bumana
1613 2130 1643 2171 se
1666 2114 1805 2170 videamus

170 2208 199 2256 et
225 2200 251 2255 in
277 2200 330 2256 illis
352 2201 475 2272 splendet
498 2202 628 2260 libertatis
654 2216 784 2278 ornatus,
802 2216 830 2264 et
862 2211 962 2267 nostris
1011 2207 1081 2262 uelle
1095 2206 1227 2263 miscere?
1242 2206 1393 2263 llortalium
1407 2206 1478 2262 enim
1491 2204 1634 2277 penatibus
1647 2202 1804 2259 fiducialiter

170 2290 383 2347 ordinationibus
397 2294 564 2349 necessarius
582 2295 666 2352 servit
688 2295 809 2353 effectus.
824 2297 898 2355 l'cris
912 2299 961 2357 da·
1011 2296 1092 2354 nidos
1111 2297 1257 2368 pbilomela
1277 2297 1429 2368 suspendit,
1443 2305 1472 2353 et
1493 2297 1564 2351 inter
1577 2293 1804 2351 commanentium

170 2391 229 2438 turn
241 2390 283 2439 est
300 2397 379 2453 agros
397 2383 539 2457 sylvasque
554 2399 692 2456 querere,
707 2388 859 2446 hominibus
872 2398 962 2448 autem
1012 2385 1106 2439 turbas
1118 2384 1206 2455 pullos
1219 2387 1303 2440 nutrit
1312 2385 1454 2457 intrepida.
1469 2385 1580 2442 Fusdunr
1591 2397 1656 2453 crgo
1671 2382 1750 2438 uineis
1764 2389 1805 2437 est

169 2469 247 2527 iocos
262 2472 364 2541 patrios
374 2487 454 2543 supra
473 2482 568 2529 cuncta
578 2474 700 2544 diligere.
715 2475 786 2533 Ares
796 2477 859 2548 ipsae
872 2491 965 2550 grega-
1013 2472 1098 2529 nobili
1111 2472 1180 2529 illios
1195 2474 1223 2528 in
1236 2474 1447 2530 desolationibus
1461 2475 1587 2540 educare,
1603 2489 1664 2529 cum
1679 2472 1805 2541 trequen-

168 2563 220 2618 tim
236 2563 337 2631 rolant,
353 2579 413 2635 quae
423 2564 533 2620 innoxia
543 2565 681 2623 uoluntate
701 2567 853 2625 mitescunt.
865 2568 964 2627 (lanosi
1013 2563 1109 2620 tatioui
1122 2562 1343 2619 bumaomrideat
1356 2564 1434 2619 alites
1447 2578 1495 2620 sua
1506 2562 1618 2635 pignora
1629 2560 1807 2618 commisisse.

169 2653 244 2710 turdi
256 2663 348 2711 amant
357 2656 399 2712 sui
409 2656 515 2726 generis
527 2657 698 2715 densitatem.
709 2658 866 2731 strepentes
877 2662 965 2719 sturni
1013 2653 1139 2711 Redeunt
1162 2654 1244 2726 igitur
1257 2655 1381 2713 civitates
1402 2656 1429 2712 in
1449 2657 1592 2727 pristinum
1615 2653 1706 2721 decus,
1720 2651 1810 2710 nullus

169 2755 315 2814 compares
341 2751 489 2814 sequuntur
512 2744 693 2802 indesinenter
719 2748 863 2805 exercitus.
890 2748 965 2806 linr-
1014 2747 1200 2805 amoeuitatem
1218 2748 1289 2805 ruris
1310 2757 1451 2819 praeponat
1471 2748 1606 2805 iuuenibus
1625 2745 1806 2818 antiquorum.

168 2841 311 2891 mumntes
333 2834 451 2906 palumbi
477 2834 601 2906 proprias
627 2835 742 2907 diligunt
768 2838 909 2905 cohortes;
937 2845 966 2895 et
1014 2837 1156 2906 Quomodo
1169 2847 1259 2911 potest
1272 2839 1299 2895 in
1311 2854 1378 2910 paee
1391 2838 1487 2910 refugi,
1501 2856 1551 2910 pro
1564 2853 1617 2909 qua
1631 2845 1740 2909 oportet
1754 2837 1806 2894 bel·

170 2922 303 2994 quidquid
325 2922 361 2979 ad
383 2924 533 2997 simplicem
554 2926 671 2997 pertinet
693 2928 785 2995 rimor,
797 2928 966 2986 adunationis
1015 2927 1072 2986 lum
1087 2932 1133 3002 (ne
1147 2930 1278 3003 vastetur)
1292 2930 1410 2986 assumit
1423 2928 1472 2985 Coi
1483 2930 1556 2985 onim
1566 2930 1655 2985 minus
1667 2936 1743 2999 grata
1758 2943 1808 2984 uo·

169 3016 287 3085 matiam
311 3030 367 3071 non
391 3015 500 3074 refutat.
522 3017 642 3086 Contra,
665 3018 778 3076 animosi
803 3021 964 3092 accipitres,
1015 3022 1110 3079 billum
1119 3020 1243 3078 rideatur
1253 3022 1397 3078 occursioi
1410 3018 1459 3076 Cui
1471 3036 1525 3076 non
1540 3018 1715 3075 affectuosum
1730 3019 1807 3091 139

170 3108 270 3179 aquim
283 3109 442 3178 venatrices,
458 3117 486 3166 et
506 3123 587 3182 supra
601 3125 694 3167 omnes
708 3112 787 3169 alites
807 3113 912 3170 acutius
924 3113 966 3169 in-
979 3122 1003 3187 ρ
1017 3111 1054 3168 sit
1066 3126 1128 3167 eum
1141 3112 1251 3182 paribus
1273 3111 1387 3168 nalscere
1407 3125 1578 3178 sermonem,
1594 3109 1682 3165 lorum
1705 3118 1808 3180 petere,

170 3200 404 3271 tuentes,rolatus
417 3201 552 3259 solitarios
564 3204 766 3275 concupiscunt,
777 3205 841 3275 quia
855 3219 966 3275 rapaces
1016 3201 1144 3257 bonestas
1157 3208 1230 3258 artes
1242 3200 1372 3266 inrisere,
1387 3215 1482 3257 causas
1501 3201 1624 3272 proprias
1640 3199 1743 3269 legibus
1761 3213 1808 3255 er·

171 3289 397 3348 insidiaeinnoxia
408 3291 595 3349 conventicula
605 3307 660 3348 nou
673 3294 823 3365 requirunt.
838 3292 967 3351 Ambiunt
1015 3292 1118 3363 pedire,
1131 3292 1265 3349 interdum
1285 3291 1479 3350 Palamediacis
1499 3292 1610 3349 calculis
1622 3290 1760 3362 occupari,
1776 3289 1809 3345 ad

170 3380 247 3436 caim
260 3379 362 3452 aliquid
375 3380 527 3452 soliagere,
541 3382 588 3453 qui
608 3381 726 3455 praedam
739 3398 801 3439 cum
814 3384 898 3442 altero
910 3400 965 3442 non
1016 3383 1127 3440 balneas
1139 3384 1179 3440 ire
1193 3398 1254 3441 cum
1272 3385 1372 3454 sociis,
1387 3383 1498 3456 prandia
1517 3383 1617 3439 mutuis
1637 3381 1810 3454 apparatibus

171 3473 330 3531 desiderant
340 3472 471 3530 invenire.
486 3473 532 3531 Sic
545 3474 700 3532 mortalium
712 3475 836 3532 noluntas
846 3475 967 3547 plerum·
1016 3473 1166 3531 exhiberet
1186 3472 1268 3531 Caret
1290 3473 1412 3545 proiecto
1434 3472 1559 3530 omnibus
1581 3472 1641 3538 lnis,
1659 3470 1706 3542 qui
1726 3471 1809 3525 vitam

171 3579 229 3636 que
241 3564 407 3622 detestabilis
419 3573 470 3635 est,
484 3580 546 3637 qnae
565 3575 739 3639 conspectum
750 3567 889 3625 bominum
901 3584 966 3641 pro·
1015 3564 1450 3638 suamrnltsemperbaberecom
1461 3562 1810 3621 famulis.Sednenlterius

170 3656 254 3712 barm
269 3655 404 3726 elusere,
418 3670 470 3714 uec
490 3664 583 3729 potest
600 3656 635 3716 da
654 3657 701 3716 illo
718 3658 819 3729 aliquid
834 3659 967 3716 veraciter
1015 3655 1409 3713 ineamdemeonsuetodinem
1422 3669 1500 3712 mens
1508 3655 1587 3710 aliter
1594 3652 1696 3709 imbuta
1705 3651 1812 3708 relaba·

171 3744 246 3803 medi
259 3787 269 3816 ,
282 3745 359 3817 cuius
371 3747 433 3803 ritae
446 3748 523 3805 testis
536 3763 591 3804 nou
604 3755 695 3821 potest
706 3749 830 3806 inueniri.
843 3748 967 3807 Redeunt
1016 3753 1072 3816 tur,
1083 3746 1153 3805 datis
1166 3746 1367 3818 fideiussoribus
1378 3755 1433 3802 um
1445 3757 1616 3818 possessores
1628 3757 1709 3815 quam
1722 3743 1810 3800 curia·

171 3848 387 3910 marones
400 3825 616 3898 mastauron
629 3842 656 3897 n
670 3841 965 3900 anianensium-
1017 3839 1066 3908 res,
1079 3839 1129 3896 sus
1148 3838 1448 3906 normannensis,
1463 3853 1543 3911 pana
1565 3835 1811 3906 mamerano

172 3928 230 3985 loni
247 3936 321 3996 sunt,
331 3927 377 3999 qui
400 3942 480 4000 agros
495 3928 597 4001 jnssttar
616 3930 718 3988 colunt.
733 3929 875 3990 Patiantur
895 3947 926 3990 se
948 3948 965 3991 a
1016 3932 1128 3987 mittant
1140 3931 1204 3986 anni
1218 3940 1296 4003 parte
1309 3929 1413 4001 maiore
1426 3943 1457 3987 se
1474 3930 1503 3985 in
1522 3928 1678 3987 ciuitatibus
1700 3939 1812 3983 manera

172 4019 323 4076 rusticitate
344 4021 460 4089 divisos,
473 4021 571 4092 quibam
595 4031 624 4078 et
645 4024 763 4081 bonores
782 4024 923 4093 dedimus,
936 4034 966 4083 et
1016 4038 1084 4095 quas
1097 4023 1222 4079 babitare
1232 4021 1391 4094 delegerint.
1412 4021 1459 4079 Sic
1472 4022 1520 4078 liat
1532 4030 1564 4078 ut
1583 4022 1685 4079 eisnec
1697 4026 1812 4076 ornatus

171 4113 295 4170 aciones
308 4114 428 4184 publicas
438 4114 571 4185 probabili
583 4116 761 4173 aestimatione
770 4117 964 4185 commisimus,
1016 4111 1086 4169 desit
1097 4112 1207 4178 civium,
1218 4125 1271 4170 nec
1290 4112 1414 4186 voluptas
1427 4110 1534 4186 υκαι,
1549 4108 1684 4184 noluntas]
1695 4110 1812 4182 denego·

173 4202 203 4259 in
224 4217 258 4258 ea
284 4203 433 4275 prasertim
459 4204 568 4274 regione
587 4204 744 4261 ubialiatim
757 4207 869 4263 veniunt
882 4206 966 4264 inela-
1017 4210 1062 4260 tur
1074 4216 1211 4274 agrorum.

171 4293 278 4350 boratae
289 4291 391 4351 deliciae
405 4292 482 4370 [Nm
495 4292 614 4369 divitiani.
630 4294 713 4353 Ceres
725 4296 763 4352 ibi
776 4297 860 4353 multa
877 4296 968 4354 iecuo·

172 4383 616 4454 uamtnxurtn31>attasettam
636 4400 690 4442 noo
710 4385 821 4442 minima
841 4386 966 4457 largitate
1266 4353 1434 4412 mum
1445 4353 1551 4410 mu·

172 4474 283 4547 ¹me
294 4474 423 4547 Sum,
434 4474 512 4548 om]
525 4475 694 4547 congaude,3
709 4476 788 4548 pm
807 4476 896 4535 Mem
911 4492 962 4549 pa,
976 4481 1003 4542 υ
1098 4459 1201 4502 sereno
1214 4460 1277 4503 mno
1289 4461 1444 4503 srscrasrtr
1458 4458 1642 4502 transumens
1656 4460 1718 4501 aex.

171 4567 245 4622 reus
266 4550 964 4637 recnm,nseaunoenus;auunannn1strsnn
1016 4555 1129 4641 ronan
1146 4558 1281 4641 Arabae
1294 4557 1427 4630 donoc
1443 4555 1557 4640 ,senon
1569 4564 1598 4610 ⁸¹
1611 4572 1655 4612 ιω
1675 4557 1719 4641 oei
1731 4572 1809 4629 eoo

172 4655 331 4712 annalium
351 4656 492 4729 gregibus,
505 4656 553 4717 sed
575 4657 681 4728 equinis
702 4653 820 4716 marimo
834 4659 965 4728 gloriatur
1071 4624 1205 4703 N¹ms⁰d¹⁸
1219 4627 1389 4696 ‘mmm’
1403 4636 1429 4683 θ’
1443 4634 1585 4701 ΨΨ”“’
1601 4636 1627 4682 θ’
1643 4635 1745 4698 Wm‘·

171 4746 316 4815 sementim
330 4747 438 4815 merito,
450 4746 559 4818 qnando
580 4747 685 4805 ardenti
707 4755 831 4820 tempore
849 4749 903 4805 tale
924 4755 967 4806 est
1053 4740 1122 4799 Cum
1139 4741 1287 4800 Nimiadius
1307 4742 1350 4800 vir
1371 4742 1495 4800 sublimis
1514 4755 1565 4812 pro
1588 4739 1677 4796 musis
1695 4738 1754 4794 suis
1775 4738 1810 4793 ad

171 4854 287 4897 mum
299 4839 444 4912 silvarum,
460 4849 490 4897 ut
499 4855 550 4898 nec
563 4854 715 4898 muscarum
727 4841 827 4898 aculeis
840 4840 966 4898 animalia
1016 4833 1175 4889 contutum
1188 4832 1402 4891 tenutissimum
1416 4830 1566 4898 imbibite&
1583 4828 1688 4885 ῑῑῑῦθῑῑθ
1702 4826 1809 4896 Ῑθΰδῑΰ·

172 4927 787 5001 ίιιίμιιιι,οι1ισι1)ιιιιιιιεοιιιριιιίιοιιιίιιιιι
797 4927 966 4987 satietatibus
1015 4919 1808 4994 quitateconiectus,animalioressareparareconteudens,

171 5019 343 5092 expleantur.
354 5019 453 5076 ildeas
467 5033 515 5091 per
528 5020 668 5078 cacumina
688 5022 819 5077 moratium
838 5019 912 5076 risos
923 5019 965 5076 ire
1016 5017 1051 5074 ad
1064 5017 1165 5076 iontem
1184 5018 1325 5076 Arethusa
1346 5019 1374 5075 in
1387 5017 1536 5089 Scyllatiuo
1553 5013 1690 5072 territorio
1708 5013 1810 5071 consti·

169 5111 394 5183 perlustrabam
405 5110 483 5182 quai
495 5124 529 5168 ex
542 5110 615 5168 edito
634 5107 780 5182 profluant,
794 5110 834 5167 sic
850 5121 903 5181 per
915 5109 963 5166 al·
1009 5117 1082 5168 tuta
1094 5111 1177 5182 elegit
1189 5126 1293 5182 ponere
1304 5111 1490 5177 mansionemr
1503 5105 1622 5177 eoquod
1636 5107 1694 5177 ipsa
1708 5112 1737 5162 et
1748 5104 1808 5162 loca

207 5347 224 5379 ⁸
241 5335 376 5394 bosianus
400 5334 429 5392 lu
454 5333 607 5390 Alexandro
618 5331 634 5399 ,¹
645 5328 908 5400 mulcendomant„
924 5329 961 5388 de
1014 5331 1120 5391 Feralia
1144 5332 1171 5387 in
1194 5328 1362 5387 Christianos
1380 5328 1467 5386 edicta
1485 5339 1630 5409 reoensens
1643 5325 1736 5407 Vietm
1748 5321 1809 5380 tlo-

165 5407 375 5482 pmtlsiatoris
387 5404 577 5462 oraculismdx
586 5401 679 5459 iacebo
688 5408 803 5459 τοιοῦτον
813 5398 872 5457 οὔτε
884 5401 963 5477 oripo
1014 5403 1113 5467 cende,
1125 5401 1172 5458 lib
1186 5416 1227 5470 nn,
1237 5399 1271 5456 de
1290 5398 1481 5480 Persecutione
1496 5396 1650 5479 vandalica,
1663 5394 1738 5451 addit
1752 5411 1759 5447 ε
1775 5391 1810 5476 tlt

167 5502 211 5542 τις
225 5477 343 5549 ὗδὲχιτο,
354 5475 415 5532 οὔτι
429 5471 639 5566 πιρξιςῆὖδατοε
648 5472 777 5535 ὖκοινὼνιι,
789 5469 964 5554 dll'fdtrrrio
1014 5472 1103 5555 nullus
1115 5472 1268 5541 quempiam
1283 5470 1391 5525 illorum
1404 5469 1523 5538 hospitio
1542 5473 1685 5538 reciperet,
1697 5470 1745 5521 atti
1757 5463 1809 5520 alt·

167 5537 965 5690 musicis”criminabilibus
1015 5547 1296 5693 ffltlltttttltd
1310 5537 1401 5672 llll,
1421 5606 1501 5678 aaa.
1516 5604 1551 5676 a
1570 5613 1599 5666 a
1617 5604 1713 5666 sinn
1727 5601 1810 5677 nnn

168 5689 229 5759 igni
242 5699 348 5757 aquam
361 5683 550 5755 impertiebat3
565 5695 659 5736 nerum
673 5690 731 5737 erat
752 5682 790 5737 ili
804 5680 892 5738 solum
911 5679 965 5733 alto
1017 5682 1078 5750 tin,
1092 5681 1139 5737 lrb.
1154 5696 1211 5749 rut,
1225 5687 1307 5749 eprst.
1320 5679 1347 5735 8.
1361 5676 1458 5736 iunsr.

167 5755 345 5827 senodum,
361 5763 488 5827 unquam
501 5751 585 5824 impio
598 5749 761 5825 deorumque
774 5746 963 5821 contemptori.
1018 5787 1021 5790 a

1200 5867 1313 5887 ”bfl-s..
