4059 6184
255 317 324 380 rrat
732 297 739 303 '
855 314 891 376 rr.
910 314 1049 374 uuuaan
1066 314 1269 376 csssmuont
1826 313 1900 371 arno

152 485 158 488 ,
253 429 433 488 bcdmlarum
448 443 606 499 benamu,
618 428 669 487 sed
684 428 768 488 etiam
787 428 849 500 quia
866 430 917 486 boe
930 429 1046 485 manime
1060 434 1083 493 Α
1099 439 1193 484 eontra
1215 424 1366 483 diuisioni.
1382 425 1411 482 in
1431 423 1527 483 ment
1548 421 1710 480 iuramus
1737 423 1857 482 mores
1868 435 1901 482 ct

238 519 356 580 ,treberis
366 533 461 576 ornares
470 521 649 576 communiter
663 519 805 576 celebrare
817 520 890 589 qnod
904 518 974 575 ratio
983 519 1048 575 sub-
1098 517 1194 586 psalmi
1211 515 1427 584 manumitteret
1441 514 1625 571 imidemnter
1639 513 1726 576 dunt.
1746 514 1806 571 tire
1817 523 1898 571 erte·

252 613 308 669 tilis
322 612 664 683 rideturexigeranullam
686 627 748 668 curn
760 612 916 668 luteorum
931 612 1049 682 perjurio
1099 606 1226 662 eburneni
1241 607 1299 661 sire
1315 604 1373 676 ,jum
1390 604 1555 671 cbrisdard,
1568 603 1634 659 mnu
1653 618 1747 661 omnm
1766 604 1900 661 helesin

253 706 352 760 trabere
365 704 596 759 cummunionem.
622 703 850 774 Taliasiqnidem
876 703 963 776 330
975 704 1048 760 tloo-
1099 699 1155 768 itm
1172 697 1306 754 ideleeiu
1333 698 1375 754 iis
1392 698 1533 755 ordinibus
1554 698 1647 753 baberi
1668 697 1821 753 rideantur.
1838 699 1899 770 Ego

253 795 396 850 statutirrus.
411 793 465 851 Sed
475 796 551 850 aiunt
563 794 818 861 Quartodecimanis
833 795 903 850 bunc
914 796 1048 850 oiserm-
1099 804 1206 861 quoque
1219 789 1331 859 cognati
1347 791 1373 845 io
1388 789 1526 845 liesstlia
1538 789 1765 845 mosumudiuem
1789 790 1893 845 aliam:

256 887 354 941 tionem
377 884 509 941 ioannem
535 886 687 955 apostolum
719 885 874 942 tradidisse.
903 886 957 941 tilii
984 894 1050 942 tero
1098 880 1489 951 dumquidamclcriensarrtc
1501 881 1659 936 emmaum
1673 879 1899 948 legitimedoais·

256 978 364 1032 Petrum
377 986 405 1032 et
424 976 535 1034 Paulum
547 979 688 1048 apostolos
699 977 828 1032 [iomanis
843 987 874 1033 et
888 977 1050 1033 Occidenta—
1101 979 1144 1029 tot
1157 987 1288 1040 uxorem,
1310 972 1372 1042 quia
1386 986 1448 1028 cnm
1470 987 1503 1027 eu
1524 971 1624 1028 mixtus
1645 973 1742 1039 brerat,
1756 971 1810 1026 abd
1821 983 1898 1028 tatus

255 1070 324 1126 trum
342 1069 432 1126 utrum
455 1068 568 1127 Pascua
594 1071 738 1127 oraturos
760 1072 1051 1129 annotatorem
1099 1073 1153 1130 est
1169 1064 1233 1121 arro
1252 1065 1281 1119 to
1297 1063 1510 1121 orimnorum
1523 1079 1673 1135 sponsore
1695 1065 1851 1129 oroneo,
1867 1071 1898 1119 et

256 1163 345 1218 nullus
358 1165 485 1233 seriptum
501 1163 687 1234 probationem
712 1164 807 1220 borum
830 1163 932 1220 babere
947 1163 1046 1234 rigno-
1102 1173 1155 1215 nou
1176 1157 1266 1228 aliqua
1286 1159 1448 1214 remanete
1470 1158 1552 1213 etiam
1575 1157 1696 1229 episcopi
1728 1157 1894 1226 nmetipas

255 1254 350 1308 scitur.
366 1252 432 1320 Quia
450 1267 518 1308 nero
532 1270 565 1308 ex
579 1253 774 1309 commodine
786 1255 903 1324 quadani
920 1269 969 1323 per
988 1269 1052 1325 pra.
1100 1248 1263 1303 obtineant.
1281 1247 1394 1303 Plurimi
1414 1247 1488 1302 enirn
1507 1262 1600 1303 eorum
1620 1247 1702 1303 etium
1726 1247 1895 1316 episcopatus

255 1345 358 1432 vincins
372 1345 523 1401 celebratur
539 1344 752 1413 Paseba,'bioe·
762 1346 954 1416 nstimoquod
977 1346 1051 1403 nullu
1103 1351 1226 1411 ternpore
1251 1356 1284 1397 ex
1309 1341 1430 1410 legitima
1452 1355 1539 1398 uxore
1564 1339 1634 1397 ilios
1657 1339 1817 1396 babuerunt.
1842 1340 1896 1397 tint

256 1437 351 1506 religio
361 1435 476 1510 [Vates.,
487 1436 627 1507 religionis
640 1436 725 1509 sema]
737 1437 849 1494 easdem
859 1437 983 1493 rideatur
992 1452 1053 1492 ser-
1102 1446 1209 1502 quoqne
1225 1433 1251 1486 in
1262 1431 1403 1487 Thessalia
1417 1431 1519 1488 serrari
1533 1433 1668 1503 cognobi,
1683 1432 1808 1501 qooriam
1820 1432 1893 1499 apnd

256 1541 321 1582 rare
334 1527 529 1583 solemnitates.
547 1527 612 1583 Naro
626 1536 687 1583 enm
702 1530 779 1583 unias
793 1531 847 1583 siat
861 1528 921 1585 lidei
933 1527 1051 1600 plorimi,
1103 1539 1152 1580 cus
1165 1525 1192 1584 in
1207 1526 1303 1581 diebus
1319 1523 1430 1580 Paschae
1447 1522 1631 1580 tantummodo
1653 1523 1812 1594 baptizatur.
1825 1523 1899 1590 poa·

256 1626 347 1673 tanuen
362 1618 520 1674 discordant
530 1621 600 1675 eirca
614 1620 723 1675 Pascite
736 1620 865 1690 legitima.
878 1620 955 1690 Unde
967 1636 1053 1691 panea
1103 1625 1214 1686 propter
1228 1615 1338 1685 plurimi
1358 1614 1418 1671 tine
1436 1613 1602 1685 baptismate
1619 1615 1781 1669 nuoriaotur.
1796 1613 1825 1667 lu
1840 1614 1899 1667 in·

257 1707 372 1764 dicenda
394 1718 466 1763 suot.
483 1708 548 1764 iiam
563 1710 591 1764 in
606 1709 671 1778 ipsis
681 1708 793 1782 jejuniis
807 1712 888 1768 aliter
899 1714 970 1782 apud
985 1715 1053 1770 alios
1103 1708 1203 1765 tiocbia
1219 1724 1284 1764 reru
1297 1708 1383 1781 syrie
1397 1710 1484 1764 altare
1503 1721 1556 1762 non
1570 1708 1603 1762 td
1614 1706 1747 1760 &lenient
1760 1705 1897 1767 ecclesii.

256 1800 409 1854 irrueoimus
424 1799 575 1856 obseruari.
595 1800 709 1858 Romani
731 1806 804 1859 enim
819 1819 865 1859 ser
882 1803 936 1876 [cri.
952 1806 1014 1861 ll'iu.
1027 1816 1053 1863 et
1069 1808 1154 1873 Bsed
1177 1809 1263 1878 magis
1282 1810 1315 1863 sd
1333 1808 1503 1862 occidentem
1525 1804 1636 1860 babent.
1654 1802 1683 1858 lo
1695 1801 1818 1866 llellade.
1835 1801 1898 1857 ilie·

260 1888 352 1957 Frui..
370 1889 435 1962 tres]
450 1902 512 1947 ante
527 1892 629 1948 Pascha
651 1893 831 1964 septimanas,
847 1897 1054 1965 pratersabba-
1104 1901 1268 1973 rosolynrls,
1288 1877 1319 1956 et
1343 1899 1497 1967 Thessalia,
1521 1899 1555 1953 ad
1583 1871 1687 1965 tempirs
1712 1904 1898 1965 uespeztznuut

258 1992 315 2058 ium
331 1991 359 2038 ct
372 1981 546 2050 dominicum,
559 1984 611 2039 sub
624 1986 827 2043 continuatione
837 1987 856 2058 j·
864 1986 972 2058 juoaut.
987 1987 1053 2059 llly-
1104 1994 1244 2048 orationes
1267 1990 1371 2047 similes
1380 1988 1537 2046 donatianis
1550 1986 1780 2057 Constantinopoli
1794 1986 1897 2058 degen-

259 2074 308 2128 riei
324 2088 399 2141 reru,
410 2084 452 2130 «ει
472 2084 526 2130 tota
541 2074 649 2144 licitas,
667 2077 829 2133 alexandria
847 2094 970 2149 quoque.
990 2089 1054 2135 ante
1105 2084 1177 2140 tibus
1189 2093 1281 2155 agunt.
1308 2083 1336 2138 ln
1355 2081 1479 2139 Caesarea
1494 2081 1670 2152 cappadocia
1690 2088 1717 2136 ct
1732 2078 1837 2152 Cypro,
1852 2081 1897 2133 dia

260 2179 309 2221 set
323 2166 457 2235 septimun
467 2181 488 2221 rs
504 2165 641 2236 jejunant,
657 2181 743 2238 eaque
754 2168 858 2240 jejunia
873 2169 1054 2240 Quadraqeti-
1107 2176 1229 2240 sabbati.
1245 2188 1274 2232 et
1296 2176 1431 2232 dominico
1445 2175 1515 2230 cirea
1531 2187 1670 2244 vesperam
1692 2187 1753 2258 cnm
1775 2165 1892 2226 lurcrud·

260 2273 330 2314 marn
347 2271 454 2314 rorant.
476 2260 529 2315 atii
553 2275 617 2317 uero
638 2271 700 2316 nota
719 2274 824 2331 septem
845 2263 955 2319 Paschae
972 2265 1055 2333 tepti-
1109 2267 1158 2323 riis
1178 2265 1297 2337 episcopi
1315 2277 1397 2336 atque
1417 2265 1565 2336 presbyteri
1586 2264 1740 2335 Scripturas
1760 2262 1896 2331 iureque

217 2361 219 2363 ’
261 2364 356 2405 nranas
373 2347 540 2421 jejuniorum
562 2350 650 2407 iacere
672 2360 820 2407 noscuntur
834 2353 928 2419 initia,
952 2363 978 2408 et
998 2360 1055 2407 tres
1105 2367 1208 2414 tantur.
1221 2358 1249 2412 lu
1262 2357 1424 2412 Alexandria
1438 2357 1579 2427 presbyter
1591 2369 1645 2409 riou
1656 2352 1718 2408 iacit
1730 2368 1897 2409 sennonem.

264 2443 449 2498 tarrtrrmmodo
464 2445 640 2510 septimanas,
655 2441 706 2499 buc
719 2455 770 2508 est,
786 2445 873 2504 quiuis
890 2444 984 2500 diebos
1005 2460 1054 2515 per
1106 2447 1138 2503 Et
1156 2449 1214 2503 bae
1228 2449 1274 2503 res
1287 2447 1391 2502 initium
1407 2448 1559 2515 accepite:
1579 2461 1633 2516 quo
1649 2447 1728 2500 inus
1749 2443 1899 2499 Ecclesiam

267 2532 480 2588 intermissiones
494 2533 607 2587 aliarum
622 2533 737 2589 duarum
752 2548 771 2588 s·
784 2536 886 2604 ptiruao
904 2533 962 2590 r'um
979 2535 1053 2607 jeiu-
1104 2536 1284 2592 erraturbarit.
1311 2537 1403 2591 ltomae
1431 2535 1543 2591 sabbata
1564 2536 1691 2591 universa
1708 2534 1842 2606 jcjtrnaut.
1867 2535 1898 2590 ln

262 2635 374 2691 ruaotes;
400 2625 575 2680 nibilominus
594 2626 833 2695 Quadrupesinram
852 2637 961 2683 uocant.
978 2627 1054 2683 Unde
1104 2627 1228 2683 Cesarea
1248 2625 1428 2696 Cappadociae
1443 2641 1492 2682 eoa
1512 2627 1556 2696 qni
1579 2635 1639 2695 pust
1662 2624 1792 2694 baptisma
1809 2626 1899 2680 delio·

261 2715 355 2774 miror.
370 2730 430 2770 curn
446 2731 587 2772 uuuurrnu
602 2718 688 2787 ipsum
704 2733 756 2772 non
772 2718 904 2786 babeant,
918 2718 1054 2789 quomodo
1103 2730 1202 2788 quant,
1224 2733 1240 2773 a
1265 2717 1456 2792 eominunionu
1470 2719 1649 2789 suspendunt,
1674 2715 1742 2773 sieut
1757 2715 1898 2774 iirrratiani

260 2807 499 2876 quadragesimam
522 2818 629 2863 sonent.
645 2809 698 2865 Sed
718 2811 802 2864 etiam
822 2809 946 2866 ciborum
968 2808 1054 2866 absti·
1102 2807 1321 2863 etilueedoniaoi
1343 2809 1368 2862 io
1396 2807 1578 2875 llellesponto
1608 2804 1806 2872 inclamantia
1831 2805 1897 2860 liin

261 2900 378 2955 rrerrtiarn
399 2915 452 2954 non
471 2899 586 2955 similent
600 2899 716 2965 babent;
740 2915 801 2955 nam
817 2902 862 2956 alii
883 2900 997 2957 omniuo
1017 2901 1054 2956 ab
1103 2899 1351 2966 Quartodecimum.
1367 2899 1506 2954 Noratiaoi
1524 2899 1595 2954 circa
1619 2898 1759 2968 Phrygiam
1782 2899 1895 2954 binubos

262 2989 442 3045 animantibus
465 2990 621 3057 abstinent,
637 2990 682 3046 alii
703 3006 736 3048 er
759 2993 942 3048 anirnaotibus
964 2992 1053 3064 pisces
1104 3005 1158 3046 uuo
1176 2992 1326 3063 rccipiunt,
1349 2993 1579 3063 mattaratinopoii
1604 3007 1668 3048 vero
1691 3007 1778 3062 oeque
1800 3001 1895 3058 aperte

262 3082 433 3136 solummodo
445 3083 602 3148 reuredum,
615 3083 722 3153 qnidam
736 3099 797 3139 cunr
810 3085 926 3153 piscibus
938 3100 1053 3141 vescun-
1105 3083 1246 3153 recipiunt,
1263 3098 1349 3154 neque
1363 3084 1449 3151 palato
1473 3096 1612 3140 remouere
1626 3093 1783 3138 noscuntur.
1803 3083 1831 3138 ln
1849 3101 1898 3138 oe·

263 3180 306 3226 tur
317 3180 343 3226 ct
356 3172 519 3234 volatilibus.
533 3173 654 3228 dicentes
668 3172 726 3228 haee
740 3175 886 3229 secuudum
899 3175 1007 3247 Moyseo
1022 3190 1055 3232 et
1069 3177 1092 3239 c
1108 3174 1290 3230 cideotalibus
1304 3189 1370 3230 uero
1383 3176 1503 3245 partibus
1518 3185 1610 3244 aperte
1622 3175 1765 3243 rccipiunt.
1790 3176 1896 3230 meur·

206 3322 210 3332 ,
263 3278 329 3333 aqua
343 3263 443 3320 babere
456 3265 645 3320 substantiam.
661 3267 713 3321 titii
728 3268 883 3323 reuocatam
896 3268 1015 3324 caulibus
1027 3279 1055 3325 et
1107 3278 1166 3332 aas,
1182 3266 1227 3318 lii.
1243 3279 1271 3331 n,
1284 3279 1343 3335 cop.
1354 3265 1405 3332 tl;
1420 3265 1483 3320 edit.
1499 3264 1595 3319 Christ.
1617 3262 1714 3330 lalus„
1729 3282 1790 3334 rep.
1807 3266 1854 3333 Ἠ,
1869 3283 1897 3335 p.

263 3355 321 3409 oris
331 3353 469 3413 abstinere
485 3368 652 3423 noserrotur;
668 3358 774 3428 quidum
790 3360 1055 3418 siceotanttrmmodo
1105 3354 1170 3413 tis.
1273 3379 1279 3387 ’

263 3460 331 3521 pane
342 3459 502 3516 vcstumrrm
517 3449 563 3503 alii
576 3465 663 3519 neque
675 3451 741 3517 lroc;
758 3452 802 3507 alii
816 3454 942 3522 usquead
956 3467 1053 3509 nonant
1234 3439 1243 3455 ¹
1548 3510 1554 3518 ,

266 3541 417 3610 jejunantes
433 3541 526 3595 boram
542 3540 602 3596 siue
615 3542 782 3598 discretione
796 3544 916 3599 ciborum
928 3544 1052 3599 relicino·
1377 3509 1491 3567 CAPUT
1510 3509 1631 3599 nm·

264 3644 320 3700 tur;
336 3644 364 3691 et
377 3636 525 3691 innumerae
538 3635 745 3692 eonsuetudines
759 3636 829 3702 apud
844 3635 967 3693 diuersos
982 3637 1056 3692 iore·
1301 3619 1342 3676 ⁰⁶
1357 3620 1459 3676 PWM
1475 3619 1700 3675 mimmii-‘lm

265 3729 384 3781 triuutnr.
403 3727 436 3782 Et
449 3729 510 3797 quia
525 3727 598 3781 nulla
615 3728 694 3781 lectio
708 3743 742 3781 et
765 3727 816 3782 boc
834 3727 969 3783 ioreoitur
983 3730 1054 3783 anti·
1143 3731 1258 3789 libainai
1272 3731 1414 3805 siquidem,
1430 3745 1498 3801 quos
1512 3729 1630 3802 Phrygas
1653 3731 1801 3789 nominant.
1818 3745 1896 3801 perc·

264 3831 328 3885 qua
345 3826 409 3886 putu
423 3821 559 3887 apostulus
573 3818 737 3887 singulorum
762 3819 813 3873 boe
834 3818 976 3889 reliquisse
991 3835 1054 3874 sen·
1106 3824 1209 3898 grirmnr
1224 3823 1366 3895 qttamdam
1381 3822 1595 3878 adinventionem
1617 3822 1834 3888 introducentes,
1850 3838 1893 3878 sc·

265 3911 369 3975 terrilae,
395 3919 423 3965 ut
441 3910 625 3981 unusquisque
650 3919 777 3978 erneretur
798 3924 852 3964 non
875 3911 984 3976 timore,
1001 3927 1054 3965 nou
1106 3916 1223 3971 condunt
1237 3913 1568 3970 eamPascbacelebrant.
1582 3905 1695 3982 Culpant
1709 3913 1781 3967 enim
1793 3915 1895 3982 eosqui

267 4003 435 4067 neccessitate,
458 4002 529 4078 quod
553 4003 652 4057 bonum
667 4011 718 4057 ert.
734 4003 787 4060 Sed
802 4004 882 4058 etiam
897 4004 969 4058 circa
983 4006 1056 4061 ecle-
1107 4021 1217 4062 cursunr
1241 4006 1312 4061 lunae
1338 4006 1486 4075 requirunt,
1511 4014 1537 4060 rt
1551 4001 1644 4059 dieunt
1662 4007 1763 4060 so'ares
1781 4013 1897 4058 taotruu·

265 4092 389 4147 britatcm
409 4095 583 4149 collectarum
600 4096 722 4163 quadarn
746 4094 887 4151 diversitas
907 4100 1055 4157 iorcoirur.
1107 4099 1185 4154 morto
1199 4098 1315 4155 circulos
1328 4097 1489 4167 sequendos.
1506 4095 1539 4151 lit
1559 4109 1665 4151 menses
1680 4094 1788 4166 quidem
1801 4096 1892 4166 singo-

264 4181 328 4236 Nam
344 4183 406 4238 dum
431 4197 478 4255 per
498 4171 632 4240 Ecclesias
654 4187 680 4241 in
703 4188 829 4242 universo
841 4196 973 4245 terrarum
989 4191 1056 4248 orbe
1107 4193 1147 4247 lus
1160 4206 1222 4247 esse
1236 4191 1340 4246 dierum
1359 4190 1465 4259 region
1488 4185 1634 4252 definiunt,
1652 4193 1679 4242 et
1695 4185 1822 4241 intimare
1845 4185 1898 4254 pri·

263 4275 442 4342 constitutas,
460 4275 503 4331 die
517 4277 690 4332 sabbatorum
710 4293 758 4349 per
774 4278 894 4348 singulas
909 4282 1056 4337 trebeloroa-
1107 4295 1180 4336 rnrrm
1204 4283 1238 4334 ab
1262 4281 1421 4349 equinoctio
1450 4279 1571 4347 vernali,
1594 4278 1664 4348 quod
1686 4288 1726 4333 cst
1750 4277 1899 4331 sccmrdurn

264 4366 312 4422 rias
325 4368 454 4422 saerltrela
479 4367 668 4434 celebremur,
687 4369 739 4423 boe
761 4371 787 4426 io
809 4372 970 4429 Alexandria
986 4386 1010 4427 er
1027 4373 1054 4429 io
1108 4371 1129 4425 tt
1150 4386 1243 4428 ruauot
1266 4382 1360 4426 octauo
1383 4372 1488 4427 calend.
1513 4369 1621 4439 Aprilis.
1639 4367 1898 4438 rasomonorum,

265 4457 348 4512 lloma
363 4460 477 4528 quadam
495 4461 578 4528 prisca
595 4461 740 4516 traditione
763 4478 814 4516 noo
834 4462 945 4518 iaciunt.
967 4464 1052 4535 AEgy—
1106 4465 1159 4521 duo
1175 4477 1271 4535 magua
1286 4464 1429 4520 luminaria
1444 4464 1514 4521 iacta
1534 4473 1610 4530 sunt,
1626 4465 1721 4534 qulbus
1736 4474 1856 4533 tempora
1872 4471 1900 4518 ct

263 4547 311 4617 ptii
326 4562 391 4601 curo
405 4549 575 4604 alexaudriae
587 4549 710 4607 viciniat
725 4551 871 4609 Thebaidis
889 4554 1054 4611 habitatores
1070 4557 1169 4618 Dauni
1194 4555 1409 4612 nranilestaotur.
1428 4556 1460 4611 ttr
1481 4557 1532 4612 boe
1553 4551 1679 4621 indicari,
1696 4571 1729 4610 eo
1748 4555 1818 4626 quod
1835 4554 1899 4608 lona

264 4640 376 4695 sabbato
387 4641 495 4709 quidem
510 4641 639 4698 collectas
655 4652 754 4714 aquot,
768 4647 814 4699 sed
825 4645 970 4742 (leminea,
983 4648 1053 4702 sicot
1108 4663 1157 4721 per
1171 4663 1234 4705 octo
1249 4663 1334 4705 sonos
1346 4663 1407 4704 cum
1429 4649 1487 4704 sule
1500 4646 1660 4713 concurrit,
1673 4656 1700 4702 et
1722 4649 1800 4701 aruba
1815 4647 1899 4701 iidem

265 4735 348 4785 raroris
367 4740 424 4790 est.
449 4741 618 4815 murameota
641 4733 808 4803 percipiunt;
833 4751 894 4790 nam
911 4747 1052 4809 postquam
1108 4757 1207 4797 norum
1232 4741 1349 4797 babeant
1375 4755 1506 4796 meosrm.
1531 4741 1569 4796 Eo
1590 4742 1660 4811 qood
1683 4752 1744 4796 ortu
1765 4756 1900 4796 arroorum

263 4820 468 4891 iueriuteprrluti
478 4822 579 4877 etcibit
590 4824 714 4879 omnibus
725 4823 871 4894 adimpleti,
884 4827 954 4882 cirea
964 4843 1054 4898 uespe·
1106 4846 1202 4888 cursus
1218 4833 1289 4888 lunae
1311 4833 1487 4903 compleatur,
1503 4841 1530 4888 et
1545 4842 1670 4902 tanquam
1689 4832 1849 4902 principium
1866 4833 1901 4886 sit

264 4933 320 4974 ram
336 4917 472 4972 oblatione
486 4916 554 4972 lacta
569 4922 781 4973 communicant.
802 4921 905 4976 litrrsus
923 4933 1010 4977 autern
1027 4923 1052 4978 iu
1107 4925 1186 4996 primi
1202 4928 1313 4989 mensis.
1326 4936 1450 4994 reputant
1464 4924 1616 4994 predictam
1632 4923 1702 4978 diem
1714 4924 1741 4977 in
1750 4922 1900 4993 scripturis

264 5010 436 5077 Alexandria,
448 5022 541 5078 quarta
554 5018 583 5064 et
595 5019 669 5065 sexta
681 5010 780 5066 ierierS.
791 5016 901 5080 ripturau
912 5013 1052 5083 logenton
1108 5015 1383 5087 quartamdecimam,
1400 5024 1428 5069 et
1453 5015 1521 5070 banc
1535 5029 1596 5070 esse
1615 5015 1706 5068 dicunt
1720 5022 1815 5069 ortatu
1840 5016 1899 5068 idos

263 5116 363 5171 easqne
376 5089 764 5171 doctoresiruterpratantur‚et
778 5104 869 5158 omnia
879 5103 944 5160 brtnt
956 5114 1054 5175 practer
1106 5109 1217 5178 Aparrlis,
1236 5106 1383 5162 secundnm
1399 5122 1478 5177 quam
1499 5121 1605 5175 seraper
1618 5107 1754 5161 celebrant
1775 5107 1897 5172 Pascba,

263 5198 409 5254 solemnem
425 5196 568 5251 oblationis
584 5208 696 5250 morem.
713 5194 842 5264 Origenes
854 5197 924 5251 cuim
939 5197 1052 5267 plurima
1105 5209 1194 5254 tameo
1210 5200 1233 5254 sl
1248 5198 1390 5268 contigerit
1404 5198 1485 5253 etiam
1501 5211 1663 5254 corrcurrerc
1681 5197 1899 5252 liesurreetioois

264 5291 292 5345 in
308 5288 455 5344 lrisdicbus
464 5288 569 5344 ridetur
579 5287 737 5356 exposuisse
749 5285 813 5358 [edq
825 5285 988 5360 edocuissel.
1002 5289 1053 5358 Qui
1105 5293 1176 5347 diem
1192 5291 1328 5346 dominico
1342 5289 1395 5357 die,
1411 5289 1511 5360 alioqui
1531 5285 1666 5344 dominica
1689 5289 1900 5358 superveniente

263 5380 327 5436 rlum
353 5373 463 5448 sapiens
483 5387 557 5434 esset
576 5381 715 5446 otuqister,
735 5383 763 5430 ct
782 5377 968 5440 censbieraret
990 5379 1053 5448 quia
1107 5384 1263 5448 celebrant;
1279 5380 1408 5452 scriptum
1424 5392 1467 5437 est
1479 5381 1564 5449 enim,
1583 5381 1713 5452 inquiunt,
1729 5382 1902 5450 aquartadc-

264 5471 465 5540 impossibilitas
476 5464 597 5524 Moesica
609 5468 715 5540 lepisad
726 5470 842 5524 litteram
856 5472 1052 5539 essctlnltrroa,
1108 5474 1177 5529 eima
1192 5473 1321 5545 usquead
1334 5473 1488 5530 vicesimam
1500 5474 1613 5545 primam
1625 5488 1685 5530 esse
1698 5474 1899 5530 celebrandurn.

263 5570 394 5618 rationem
412 5560 520 5616 lasciuae
535 5560 568 5614 ad
580 5560 688 5615 niodum
701 5561 934 5629 contemplationis
946 5563 1051 5618 erexit:
1109 5570 1254 5636 siracusa,
1272 5572 1316 5625 lib.
1331 5585 1454 5641 rrtpcup.
1470 5569 1514 5639 li,
1526 5590 1552 5639 p.
1567 5570 1629 5625 iia.

262 5666 346 5707 uuum
364 5650 465 5707 Pasclra
482 5650 652 5706 solummodo
671 5665 763 5706 rerum
780 5650 837 5707 lieri
851 5650 961 5722 dicens,
979 5655 1052 5724 quud
1142 5660 1220 5729 Apud
1235 5661 1374 5718 liutuaoos
1385 5662 1411 5717 in
1424 5676 1587 5732 unoquoque
1601 5676 1672 5717 anno
1683 5659 1766 5717 semel
1781 5660 1899 5731 psallant

262 5743 387 5801 Salvator
407 5744 555 5834 eelebrmiq
572 5744 703 5801 adremon
715 5744 863 5800 mutuarias
885 5755 1051 5819 potestates,
1106 5749 1220 5806 uttetuia
1235 5752 1323 5824 primo
1336 5751 1381 5809 die
1394 5751 1522 5818 Pascbae,
1536 5753 1573 5807 ita
1586 5761 1616 5808 ut
1635 5752 1749 5809 Romani
1765 5753 1836 5808 reiut
1847 5766 1900 5823 pre

264 5834 327 5889 duro
348 5850 455 5893 crucem
479 5843 650 5907 suscrpcret,
681 5845 710 5894 et
731 5836 784 5894 bue
806 5846 909 5909 tropeo
932 5847 1052 5897 uteretur
1104 5839 1383 5914 iuramentubtbeant
1399 5852 1430 5902 at
1446 5843 1760 5918 buncbymoumaudire
1774 5858 1898 5902 mercan-
