4059 6184
260 330 313 388 fill

873 329 907 384 ll.
929 325 1067 382 aulient
1088 326 1286 383 crtssttlhttht

262 440 1394 480 wau—wa.

848 518 1025 600 Ltssult
1064 519 1335 602 TERTIUS.

454 703 508 775 {20
521 700 688 758 ut‘tsmta
706 700 812 754 vlllllh
827 710 852 754 ι.

222 813 225 818 ·
306 810 417 850 maereo
436 812 498 852 ιιιτιι
517 809 712 849 rrsroornonuu
731 807 915 848 rrrsooourcns
933 807 998 846 nex.

247 887 355 949 'urnach
371 905 404 940 ne
416 889 443 940 r'a
457 887 621 940 mrrltihnline
637 894 771 948 pareutum
792 885 916 952 confidat,
934 900 980 937 nee
992 882 1049 938 bet-

290 960 342 1014 brar
354 958 408 1028 regi
425 957 587 1010 Francorum
599 956 708 1018 iudicat,
725 956 803 1009 donee
814 957 912 1023 loqutus
926 955 961 1008 ad
974 955 1048 1008 illum

290 1028 449 1096 dir·iqat,qrri
463 1028 533 1079 litera
548 1028 668 1079 intereos
680 1035 776 1080 areolam
791 1027 929 1105 ιιιιιιιιιιιίς
944 1036 969 1077 et
981 1025 1048 1077 hotta

290 1097 322 1152 ab
337 1115 389 1151 rem
405 1099 428 1150 ei
453 1096 651 1163 mirtheorum,
667 1097 710 1167 qui
725 1097 804 1149 etiam
818 1095 999 1149 (leodebodum
1024 1103 1051 1149 ct

290 1169 356 1221 alios
371 1184 441 1237 repes
455 1168 617 1220 consentiant.

290 1261 419 1327 Quamvis
443 1258 594 1314 hrrtitudini
609 1249 714 1314 ¹restrae
737 1257 927 1314 confidentiam
950 1258 1051 1313 tribuat

254 1358 554 1419 parerrtnmvestrorum
570 1348 773 1404 innumerabilis
784 1349 937 1414 multitudo,
954 1364 1049 1420 quam·

255 1443 295 1499 sis
317 1442 426 1497 Attilam
450 1450 588 1511 potentem
614 1443 825 1499 reminiscamini
850 1443 1049 1511 visigothorum

254 1535 354 1590 viribus
368 1535 545 1590 inclinatura:
563 1544 652 1590 ιιιιιιιι
672 1535 735 1605 quia
761 1536 923 1605 populorum
946 1535 1048 1596 laroeia

253 1628 335 1685 eorda
346 1628 425 1696 longa
439 1644 506 1699 pace
520 1627 689 1693 mollescunt,
706 1637 800 1683 earete
814 1628 942 1685 subitohr
959 1630 1048 1686 aleam

254 1720 362 1774 mittere
375 1734 444 1788 quos
459 1726 567 1774 constal
577 1720 660 1773 tatutis
676 1720 842 1789 temporibus
855 1721 984 1776 exercitia
994 1737 1048 1775 nou

253 1810 363 1865 habore.
380 1808 520 1865 Terribilis
533 1817 572 1865 est
599 1809 754 1864 bominibus
778 1810 931 1879 condictus,
946 1811 968 1865 si
994 1827 1047 1865 noa

250 1901 288 1955 sit
301 1901 438 1966 assiduum
459 1909 487 1955 et
510 1900 562 1955 uisi
586 1915 637 1955 usu
658 1911 847 1971 praesumatur,
875 1903 1047 1958 concertandi

253 1991 342 2047 subito
353 1990 448 2047 hdneia
463 2005 516 2047 noa
528 1991 652 2047 habetur.
666 1992 873 2049 abstentionis
888 1995 988 2063 ahquid
1004 1996 1048 2050 in·

1066 707 1089 753 a
1102 694 1193 762 regios
1202 692 1317 762 jarrenes
1331 695 1436 763 obiecta
1459 697 1565 752 ratione
1583 697 1717 753 moderari
1734 717 1741 753 ι
1756 701 1818 770 qnia
1834 699 1898 758 illud

1100 785 1128 839 ιιι
1142 785 1221 840 nobis
1232 786 1302 859 lolii,
1315 787 1341 841 in
1357 785 1443 858 vohis]
1455 803 1519 844 vere
1533 791 1655 846 sentiunt
1672 791 1826 863 displicere,
1850 796 1898 864 qui

1100 876 1164 932 dum
1176 878 1247 931 male
1259 879 1381 948 eupiunt,
1397 880 1538 936 audaciam
1549 897 1605 937 sue
1618 883 1765 939 volontatis
1780 886 1899 944 retinere

1100 985 1155 1026 oon
1168 980 1291 1039 possunt.
1306 971 1457 1028 vereantur
1479 989 1569 1037 senes.
1587 977 1710 1046 quamvis
1723 978 1778 1034 siut
1801 978 1898 1036 llorida

1100 1066 1181 1115 aetate
1194 1059 1338 1117 lerientes.
1354 1062 1449 1119 Sciant
1462 1081 1512 1121 nos
1526 1066 1695 1124 adversarios
1717 1086 1777 1126 csse
1789 1082 1901 1128 eontra-

1100 1149 1243 1206 rietatibus
1258 1152 1323 1219 suis,
1338 1159 1366 1207 et
1385 1154 1451 1209 illud
1464 1155 1535 1213 uelle
1554 1160 1694 1229 persequi,
1711 1176 1745 1216 ne
1763 1162 1798 1217 ab
1813 1162 1900 1217 utris·

1100 1243 1249 1312 quepossit
1264 1244 1368 1300 excedi.
1385 1246 1467 1301 Decet
1481 1248 1552 1303 euim
1573 1265 1623 1305 nos
1642 1265 1737 1321 aspera
1750 1253 1834 1308 rerba
1854 1253 1900 1309 di·

1100 1346 1173 1398 cere,
1191 1349 1224 1388 ne
1239 1331 1335 1389 alhaes
1349 1336 1433 1392 nostri
1444 1337 1476 1392 ad
1492 1347 1643 1395 extremum
1656 1342 1773 1399 debeant
1794 1360 1893 1415 perse·

1101 1422 1172 1478 nire.
1189 1422 1222 1478 Et
1237 1424 1297 1480 ideo
1313 1425 1387 1481 illurn
1402 1436 1430 1482 et
1443 1428 1517 1483 illum
1530 1430 1632 1500 legatos
1652 1434 1685 1488 ad
1701 1434 1901 1493 fraternitatem

1101 1519 1176 1568 tuam
1197 1515 1334 1572 credimus
1347 1516 1532 1588 destinandos,
1552 1530 1591 1588 ut,
1606 1524 1630 1578 si
1645 1523 1699 1578 lilio
1715 1535 1810 1581 nostro
1833 1529 1902 1585 Διιι-

1101 1604 1159 1660 rico
1172 1606 1258 1662 risum
1274 1605 1365 1674 luerit,
1379 1609 1414 1664 ad
1433 1625 1523 1681 regem
1544 1613 1708 1672 Francorum
1724 1634 1785 1675 euru
1798 1623 1900 1691 oonia-

1099 1697 1168 1751 ratis
1184 1698 1261 1754 nobis
1274 1702 1399 1768 gentibus
1421 1704 1536 1772 dirigere
1558 1705 1705 1764 debeamus
1730 1727 1737 1764 ε
1762 1720 1901 1780 quatenus

1100 1802 1181 1842 carisa
1193 1803 1252 1857 quar
1267 1791 1340 1847 iuter
1354 1809 1402 1848 cos
1416 1795 1540 1860 vertitur,
1555 1797 1649 1852 anrieis
1661 1799 1756 1854 urrediis
1776 1803 1901 1858 rationa-

1100 1880 1190 1936 biliter
1199 1883 1363 1940 abscidatur.
1380 1885 1511 1944 Convenit
1524 1890 1596 1945 euim
1609 1891 1678 1948 tales
1693 1900 1837 1966 tantosque
1849 1912 1900 1952 re·

1099 1984 1146 2038 ges
1164 1988 1216 2028 non
1230 1974 1300 2029 iuter
1314 1992 1343 2031 se
1358 1979 1545 2038 lamentabiles
1567 1983 1641 2040 rixas
1658 1998 1835 2054 quaererent
1864 1991 1901 2048 da

252 2082 371 2151 dignatio
385 2098 456 2138 ma
470 2083 608 2153 surripiat·
622 2082 774 2141 Moderatio
789 2087 901 2155 provida
915 2096 965 2151 est,
987 2103 1047 2159 qum
1062 2060 1154 2127 B'snis
1166 2070 1194 2116 et
1208 2077 1257 2118 nos
1272 2066 1377 2134 possint
1387 2068 1495 2124 casibus
1507 2072 1638 2128 sauciare.
1654 2073 1825 2146 Quapropter
1834 2076 1900 2134 lra-

254 2183 349 2242 gentes
362 2181 461 2228 serrat.
476 2173 661 2230 Fororautem
671 2175 798 2230 instantia
812 2177 969 2249 plerumque
979 2195 1048 2248 prae·

256 2263 362 2333 cipitat,
373 2271 402 2319 et
412 2272 476 2319 tune
489 2264 555 2319 utile
570 2264 657 2332 solum
672 2274 714 2320 est
731 2265 765 2321 ad
777 2280 850 2320 arma
872 2283 1046 2338 concurrere,

252 2367 314 2409 curn
329 2353 418 2408 locum
431 2351 501 2423 apud
512 2353 695 2410 aduersarium
708 2355 811 2425 justitia
829 2373 884 2413 nou
900 2368 989 2427 potest
1007 2360 1049 2415 in·

252 2443 356 2499 uenire.
370 2443 540 2513 Quapropter
553 2445 693 2510 sustinete,
719 2446 807 2503 donec
821 2447 855 2502 ad
880 2448 1045 2505 Francorum

252 2547 344 2602 regem
362 2533 466 2602 legatos
487 2543 594 2590 nostros
610 2535 726 2606 dirigere
746 2538 903 2608 debeamus,
928 2549 958 2594 ut
973 2540 1046 2594 litem

252 2630 371 2678 uestram
385 2624 533 2679 amicorum
553 2625 670 2681 debeant
688 2635 828 2697 amputare
848 2628 958 2696 judicia.
974 2629 1048 2686 luter

254 2710 405 2767 duosenim
421 2713 498 2768 nobis
521 2712 650 2782 affinitate
669 2715 830 2785 conjunctos
850 2732 905 2771 non
920 2727 1046 2788 optamus

252 2800 355 2872 aliquid
370 2803 423 2859 tale
437 2802 506 2870 lieri,
518 2805 589 2861 unde
598 2822 679 2861 nuunr
692 2808 824 2864 minorem
840 2809 979 2879 contingat
989 2810 1045 2866 lor-

252 2891 323 2947 sitan
337 2892 462 2948 inveniri.
481 2893 540 2949 Nou
554 2909 602 2950 ros
615 2904 756 2965 pareutum
779 2896 854 2952 lusus
873 2899 982 2970 sanguis
1004 2899 1046 2954 in·

251 2977 381 3046 flammat,
390 2997 444 3037 non
456 2983 574 3053 grauiter
587 2984 642 3039 urit
651 2993 782 3056 occupata
796 2988 943 3057 prouincia,
956 2988 1044 3047 adbuc

250 3066 286 3123 de
300 3069 387 3124 serbis
402 3085 483 3139 parra
498 3073 637 3129 eontentio
660 3082 703 3130 est
716 3092 723 3128 ι
736 3073 864 3131 facillime
884 3078 1042 3149 transigitis,

249 3155 273 3211 si
286 3171 340 3212 nou
356 3173 405 3228 per
414 3170 602 3218 armanestros
612 3164 717 3220 auiuros
730 3164 852 3221 irritetis.
866 3165 1040 3236 objiciamus,

250 3249 512 3320 quamviscoguato,
541 3267 602 3308 eum
627 3254 727 3310 uostris
754 3255 903 3325 coniuratis
928 3258 1042 3315 eximias

249 3349 353 3409 gentes.
368 3341 486 3411 lustitia,
501 3358 561 3413 quae
575 3359 653 3415 reges
663 3345 745 3402 ellleit
756 3346 893 3417 fortiores,
908 3348 963 3405 cito
974 3364 1041 3405 coa·

1100 2153 1213 2210 tennitas
1228 2166 1328 2221 restra,
1344 2158 1465 2216 adhibito
1481 2177 1586 2219 urceum
1600 2165 1699 2229 stolio,
1716 2181 1809 2223 eornm
1823 2170 1901 2225 uita·

1099 2252 1144 2300 tur
1156 2262 1284 2317 reparare
1299 2252 1471 2308 concordiam
1488 2271 1495 2308 :
1510 2255 1573 2325 qnia
1587 2272 1666 2314 nemo
1676 2268 1767 2329 potest
1781 2262 1901 2324 eredere

1098 2334 1157 2391 sine
1172 2347 1265 2394 trostro
1280 2349 1344 2394 voto
1359 2341 1420 2397 illos
1431 2342 1465 2398 ad
1485 2344 1542 2401 huc
1556 2347 1647 2415 praelia
1663 2351 1827 2419 pervenisse,
1846 2356 1900 2409 nisi

1099 2429 1210 2484 omuino
1231 2431 1344 2497 clareat,
1369 2449 1403 2489 ue
1424 2434 1460 2490 ad
1482 2437 1636 2494 condictum
1654 2442 1773 2509 veniant,
1800 2452 1901 2502 nostra

1099 2521 1192 2592 potius
1204 2537 1264 2578 esse
1277 2526 1434 2583 certamina
1450 2528 1547 2600 Aliqua
1558 2546 1622 2588 vero
1635 2548 1650 2588 a
1664 2536 1837 2604 paesemium
1849 2551 1901 2606 ge-

1099 2616 1165 2677 rulis
1180 2618 1328 2675 litterarum
1339 2637 1465 2680 sermone
1479 2625 1557 2682 robis
1568 2629 1751 2686 commisimus
1764 2631 1901 2688 intiman-

1097 2709 1147 2777 da;
1164 2718 1194 2766 ut
1203 2711 1244 2768 sie
1254 2714 1395 2783 prudentia
1410 2727 1498 2773 vestra
1512 2727 1608 2775 cuncta
1625 2732 1781 2794 componat,
1795 2740 1899 2797 quem

1098 2801 1243 2858 admodum
1264 2808 1415 2875 consuevit,
1438 2808 1494 2866 beo
1514 2809 1636 2879 jurante,
1659 2813 1800 2884 perlicere.
1822 2820 1901 2877 undo

1096 2894 1167 2952 solet
1179 2895 1385 2968 diligentissime
1397 2902 1527 2971 cogitare.

1376 3012 1541 3071 uutstohs
1560 3016 1605 3074 ιιι.
1649 3067 1653 3076 ,

1094 3107 1268 3168 nanuaoaua,
1287 3114 1459 3171 aususausus,
1480 3120 1790 3169 ruoaruoonurrnuemos
1808 3129 1900 3172 raea-

1398 3210 1508 3251 ooruaus
1526 3213 1590 3255 aex.

1094 3279 1225 3336 Hortatur
1238 3290 1266 3337 ιιι
1280 3284 1384 3338 mittant
1395 3283 1494 3356 lagatos
1503 3304 1556 3342 una
1567 3305 1625 3344 oum
1640 3292 1693 3345 ιιιίι
1702 3302 1727 3347 et
1741 3290 1899 3351 Gurrdilrodi

1129 3351 1356 3419 adclamantem·
1382 3364 1410 3409 ιιι
1423 3364 1467 3409 aut
1479 3358 1668 3428 expeditionem
1685 3364 1713 3416 in
1743 3362 1900 3436 visigothos

160 3493 163 3503 λ
249 3433 332 3488 ιιιιιι
344 3436 458 3498 animos,
474 3434 519 3505 qui
534 3444 628 3492 contra
643 3453 672 3493 se
687 3438 755 3494 tales
769 3439 852 3495 sentit
864 3449 991 3497 armatos.
1007 3439 1042 3497 Et
1056 3440 1079 3507 c
1128 3421 1255 3490 mmm,
1267 3434 1291 3477 θ’
1301 3423 1369 3496 1898*
1376 3427 1490 3496 gentiam
1501 3439 1618 3497 quarm:
1626 3441 1671 3486 ιιι
1680 3434 1901 3506 mimiam-

248 3525 312 3581 ideo
326 3526 495 3584 salutationis
515 3528 748 3586 bonoriheeutiam
764 3533 914 3601 praelocuti,
938 3533 1041 3603 legatos

248 3626 358 3675 nostros
372 3618 446 3673 illum
457 3626 485 3674 et
499 3619 572 3674 illum
586 3620 621 3674 ad
632 3637 680 3677 ros
698 3622 833 3679 credimus
852 3640 913 3680 esse
923 3626 1041 3694 dirigen-

248 3708 298 3766 dos
312 3711 376 3777 :qui
387 3708 464 3764 vobis
478 3717 507 3764 et
526 3710 653 3764 mandata
676 3719 767 3767 nostra
782 3711 948 3769 solfleientcr
972 3714 1040 3770 insi·

248 3807 344 3863 nnent,
356 3807 384 3855 et
396 3814 481 3868 usque
494 3796 528 3852 ad
541 3797 659 3854 fratrem·
672 3801 818 3857 nostrumb
840 3801 1040 3874 Guudibadum,

247 3887 291 3944 rel
306 3888 373 3943 allos
386 3902 473 3957 reges,
494 3903 554 3944 curn
571 3898 658 3943 restra
673 3890 811 3946 voluntate
832 3890 1038 3963 deproperent:

248 3992 283 4033 ne
297 3978 440 4033 rideamini
454 3962 548 4032 eorum
568 3978 732 4035 immissione
750 3980 887 4048 laborare,
902 3985 947 4053 tqnl
963 3985 1041 4041 mali·

248 4083 301 4140 gne
314 4066 432 4138 gaudent
445 4069 534 4123 alieno
545 4071 703 4125 certamine.
712 4072 842 4128 Avertam
856 4075 927 4130 euim
938 4075 1039 4143 diuina,

247 4170 278 4215 ut
290 4143 370 4230 supra
380 4175 430 4215 nos
442 4159 568 4229 iniquitas
587 4161 631 4216 illa
643 4164 799 4232 praevaleat.
812 4163 962 4224 Commune
980 4185 1039 4225 ma·

246 4250 605 4320 lum,vestrum1'udicamus
619 4252 765 4310 inimicum.
782 4256 848 4312 Natu
863 4259 908 4314 ille
923 4262 1040 4333 mejero

246 4340 389 4397 sustinebit
398 4341 549 4408 adversum,
559 4343 687 4412 quirobis
697 4346 791 4402 nititur
805 4363 865 4405 esse
871 4355 1037 4411 contrarius.

531 4475 696 4534 EPISTULA
716 4479 747 4535 ιι.

271 4581 418 4624 euuamaoo
436 4583 497 4626 uuor
516 4584 718 4626 amauuomuon
738 4588 921 4631 rueouomcos
939 4593 1004 4633 aex.

246 4655 345 4713 Suadet
357 4656 519 4720 Gundibmla,
535 4659 627 4731 legatis
639 4662 674 4714 ml
683 4680 740 4716 arna
762 4666 857 4728 missis,
873 4670 1038 4724 concordiam

351 4727 484 4782 Alaricum
502 4731 569 4784 inter
582 4740 609 4784 et
621 4729 785 4788 Clodouauunt
797 4739 927 4791 restituat.

280 4837 369 4895 Grave
379 4840 478 4894 malum
489 4848 532 4894 est
543 4842 613 4897 inter
627 4842 724 4900 charas
739 4846 807 4918 [alii.
822 4849 911 4923 curas]
932 4853 1030 4922 regias·

244 4946 298 5000 que
311 4946 451 5002 personas,
471 4932 622 4988 vohrntates
639 4935 748 4990 sibimet
758 4938 851 4994 ridere
873 4945 1032 5012 contrarias,

243 5031 273 5078 et
284 5021 475 5078 dissimulando
498 5033 630 5093 spectare,
655 5034 684 5079 ut
697 5026 732 5081 de
754 5043 808 5083 uno
823 5029 923 5098 aliquid
938 5032 1033 5088 dolen-

242 5111 308 5167 dum
322 5113 407 5182 possit
420 5127 567 5182 emergere.
582 5114 641 5170 Non
660 5116 718 5171 sine
739 5117 838 5174 invidia
854 5129 946 5176 nostra
961 5126 1033 5194 geri-

245 5209 300 5268 tur,
315 5202 337 5257 si
359 5204 437 5257 nohis
459 5204 620 5274 patientibus
633 5205 752 5261 allininm
779 5208 856 5266 clade
879 5210 1031 5271 dimicetur.

246 5291 357 5351 Habetis
370 5308 464 5348 ornnes
479 5311 527 5364 per
539 5310 581 5349 me
596 5296 708 5366 pignora
723 5313 825 5365 magum
845 5304 938 5368 gratia
955 5323 961 5357 z
977 5322 1033 5362 non

244 5391 287 5438 est
298 5399 365 5438 unus
375 5384 409 5438 ab
423 5384 476 5439 alio
487 5396 656 5456 segregatum
671 5387 694 5442 si
708 5389 771 5458 quid
785 5391 811 5445 ιιι
827 5392 879 5464 41
897 5396 972 5451 vobis
984 5397 1033 5453 de-

245 5471 375 5542 linquitis,
389 5489 450 5530 meo
461 5477 578 5545 graviter
591 5476 685 5534 dolore
696 5482 823 5550 peccatis.
840 5482 967 5542 Nostrum
979 5497 1032 5555 est,

282 5601 437 5658 ¹liaronhrs
450 5604 532 5660 relert
545 5606 615 5663 haue
629 5610 770 5679 epistolam
785 5621 812 5668 et
824 5622 879 5670 tres
890 5628 1036 5687 sequentes

247 5672 280 5730 ad
294 5687 392 5726 anunm
413 5674 512 5730 Christi
537 5676 600 5745 aut,
623 5686 697 5734 toruo
713 5680 745 5735 vl
770 5684 868 5753 huual,
885 5702 946 5758 pag.
968 5688 1033 5761 553,

246 5741 310 5797 edit.
324 5745 454 5811 datarerp.

281 5809 296 5851 ι
313 5811 521 5883 visigothorum,
539 5815 582 5884 qui
602 5818 774 5889 Aquitaniam
786 5832 848 5882 tuuc
862 5826 1030 5887 obtinebant.

1128 3509 1186 3547 rum
1199 3496 1357 3549 raincarius
1370 3514 1382 3552 ι
1399 3498 1446 3551 iat.

1127 3582 1285 3656 snperbiam
1299 3586 1413 3643 bisinita
1427 3589 1434 3643 i
1448 3605 1555 3661 semper
1567 3607 1676 3649 exosam
1691 3598 1823 3666 persequi
1846 3598 1899 3656 de-

1091 3673 1138 3730 bet
1154 3675 1335 3743 generalitatis
1350 3690 1485 3734 assensus.
1507 3679 1572 3735 Nam
1593 3683 1708 3753 quivult
1726 3684 1899 3756 opinabilem

1091 3771 1200 3832 gentem
1210 3764 1360 3820 voluntaria
1371 3766 1514 3839 iniquitate
1525 3771 1691 3839 subvertere,
1704 3790 1757 3829 uon
1771 3775 1901 3848 disponit

1091 3854 1196 3911 carens
1208 3854 1282 3925 insta
1296 3873 1415 3914 serrare.
1431 3858 1551 3917 Pessima
1564 3866 1731 3923 consuetudo
1744 3877 1788 3924 est
1799 3868 1899 3941 despi-

1091 3960 1154 4002 eere
1165 3947 1317 4002 veritatem.
1331 3947 1423 4006 Credit
1439 3952 1489 4008 sibi
1503 3955 1593 4010 omnia
1615 3955 1721 4024 cedere,
1748 3959 1772 4014 si
1788 3959 1898 4017 elatum

1090 4037 1235 4106 eontigerit
1259 4037 1286 4092 in
1318 4039 1492 4099 abominabili
1515 4047 1665 4103 certamine
1691 4063 1834 4119 superare.
1863 4051 1899 4106 Et

1090 4126 1152 4182 ideo
1166 4143 1224 4194 ros,
1240 4143 1308 4197 quos
1321 4131 1495 4187 corrseleutiae
1508 4132 1595 4192 virtus
1608 4136 1697 4206 erigit,
1712 4147 1741 4193 et
1758 4142 1897 4199 conside-

1089 4220 1160 4277 ratio
1185 4221 1353 4279 detestabilis
1374 4227 1592 4297 praesumptionis
1626 4229 1758 4291 accendit.
1784 4233 1897 4302 legatos

1089 4320 1205 4379 nestros,
1221 4327 1274 4366 una
1290 4327 1351 4368 curn
1377 4316 1487 4372 maisel
1510 4317 1600 4377 fratris
1626 4324 1711 4377 nostri
1733 4322 1897 4385 llurrdibadi

1089 4404 1171 4474 regis,
1194 4405 1228 4460 ad
1250 4404 1415 4463 Francorum
1439 4424 1531 4481 ιιιιιιι
1559 4411 1664 4470 buinio
1679 4416 1743 4489 [ed.
1769 4418 1897 4478 Lndorl·

1089 4493 1163 4566 euml
1174 4493 1322 4564 destinate;
1338 4505 1368 4552 ut
1387 4509 1433 4555 aut
1452 4516 1482 4556 se
1495 4501 1530 4558 de
1542 4502 1740 4574 visigothorum
1756 4512 1896 4569 condictu

1089 4586 1258 4643 considerata
1285 4590 1412 4659 acquitate
1435 4593 1600 4663 suspendat,
1625 4605 1654 4652 et
1668 4597 1740 4667 leges
1762 4604 1894 4668 gentium

1089 4686 1213 4747 quaerat:
1230 4687 1276 4732 aut
1291 4680 1410 4735 omnium
1425 4683 1544 4752 patiatur
1557 4685 1710 4753 irrcursum,
1729 4691 1776 4761 qni
1796 4701 1896 4750 ιιιιιο-

1088 4781 1149 4821 rurn
1164 4767 1301 4822 arbitrium
1310 4768 1414 4839 judicat
1428 4787 1488 4830 esse
1503 4776 1691 4833 temnendam.
1706 4779 1776 4846 Quid
1789 4786 1895 4853 quaerit

1089 4861 1168 4928 ultra,
1188 4862 1230 4917 eui
1256 4860 1369 4918 ohertnr
1395 4866 1518 4924 absoluta
1538 4868 1661 4938 iustitla?
1684 4873 1777 4930 llicam
1806 4877 1894 4947 plane

1087 4951 1159 5020 qnod
1179 4951 1267 5007 sentio
1283 4971 1289 5006 :
1305 4955 1350 5023 qui
1374 4957 1433 5012 sine
1454 4958 1513 5028 lege
1534 4961 1591 5016 rull
1609 4976 1698 5031 agere,
1723 4977 1893 5026 enectorum

1086 5042 1203 5114 disponit
1215 5058 1297 5112 regua
1311 5060 1449 5115 quassare.
1466 5050 1519 5105 Sed
1532 5052 1691 5119 meliosest,
1707 5063 1737 5109 ut
1751 5056 1826 5112 inter
1837 5059 1892 5115 irri-

1087 5135 1122 5189 tia
1143 5134 1293 5203 perniciosa
1308 5138 1470 5207 reprimatur
1483 5143 1647 5214 reemptio:
1665 5153 1694 5200 ut
1717 5145 1777 5203 sine
1790 5147 1893 5209 labore

1085 5223 1239 5294 per-dolatur
1252 5226 1382 5294 omnium,
1395 5230 1468 5299 quod
1482 5242 1620 5290 certarnen
1635 5251 1694 5292 esse
1706 5246 1816 5308 poterat
1830 5242 1892 5297 sin·

1084 5313 1218 5383 gulorom.
1234 5314 1484 5388 hecolitenamqne
1497 5320 1586 5378 Enriei
1609 5325 1674 5395 lert,
1693 5328 1815 5401 henrici]
1841 5345 1892 5387 so·

1085 5402 1169 5458 nioris
1183 5403 1318 5469 allectum,
1333 5407 1441 5475 quantis
1456 5424 1504 5466 vos
1511 5409 1580 5479 jnuit
1593 5428 1701 5484 semper
1711 5419 1889 5486 muneribus,

1083 5493 1191 5563 quoties
1214 5508 1230 5549 a
1257 5495 1333 5552 vobis
1358 5500 1541 5569 proximarum
1565 5506 1685 5573 gentium
1708 5508 1891 5570 imminentia

1085 5625 1243 5684 Clodoraeus
1263 5636 1290 5684 et
1302 5628 1424 5689 Alaricus
1439 5633 1546 5704 elegere
1559 5637 1689 5694 arbitrum
1708 5641 1771 5697 belli
1785 5640 1890 5702 Theo-

1086 5695 1206 5751 dericum
1222 5715 1228 5751 :
1244 5698 1321 5767 colus
1341 5701 1453 5760 arbitrio
1479 5704 1575 5763 nolens
1596 5723 1693 5778 parere
1716 5711 1844 5770 Alaricus
1870 5733 1890 5775 a

1085 5764 1231 5822 Clodorao
1244 5773 1330 5827 rictus
1351 5781 1402 5829 est.
1418 5774 1535 5833 hiaroiu.
1558 5776 1682 5837 lionaeh.
1708 5782 1787 5846 libr,
1814 5801 1886 5858 cap.

1085 5835 1129 5892 att.
1145 5835 1265 5894 vaauen.
