4059 6184
125 311 190 369 tuat
676 297 1198 361 tarsuautarrursttrtrs.1tuun
1221 298 1256 354 ι’.
1700 293 1767 352 itm

96 460 102 469 .
160 424 229 494 Quae
240 424 403 483 dissimiliter
412 421 594 495 proferuntur,
610 417 750 479 dissimilia
773 414 921 473 secumdum
936 415 960 474 Α
975 418 1068 465 neura
1083 409 1217 465 sentenia
1227 404 1393 463 concordare
1406 404 1561 471 noluerunt,
1572 404 1697 475 usquein
1708 405 1767 479 eius

126 517 307 573 substantiam
322 521 404 571 scitu:
975 499 1145 570 depositione
1165 496 1352 561 subscriberc3
1368 511 1429 550 curn
1448 494 1552 551 scilicet
1565 495 1660 551 Serras
1683 496 1765 551 etiam

163 603 240 662 Unus
255 605 325 661 bens
340 603 431 671 l‘ater,
454 618 490 660 er
502 616 556 673 quo
576 598 681 664 omnia;
705 605 732 652 et
746 611 815 651 araus
829 593 921 649 bami-

131 713 181 755 uus
194 695 273 752 lesus
285 694 420 761 Christus,
435 709 484 765 per
497 707 577 764 quem
597 689 698 745 omnia.

165 787 299 843 Dissimile
320 768 476 847 autern'est,
492 796 525 837 ex
540 796 605 851 que,
628 788 655 835 et
669 792 810 851 perquem
825 794 832 829 ε
845 773 922 829 dissi·

130 880 202 935 milis
214 878 295 950 igitur
308 886 350 933 est
363 877 445 932 Filius
459 876 516 931 Deo
525 874 610 928 Patri

166 970 224 1029 ilac
237 970 354 1026 lectione
376 978 528 1025 commotus
541 967 697 1036 imperator,
713 961 853 1031 requisivit
869 959 924 1015 Eu·

131 1062 251 1127 durium,
277 1061 301 1116 si
315 1060 444 1114 fateretur
457 1073 544 1114 suam.
565 1057 599 1110 tlt
623 1055 668 1110 ille
689 1053 805 1121 negarit,
821 1052 923 1115 dicens,

131 1160 195 1228 quia
209 1165 282 1215 esset
295 1156 375 1212 helii.
390 1153 476 1222 Quem
490 1154 552 1209 dum
564 1152 689 1223 jussisset
710 1149 857 1219 imperator
875 1146 923 1200 ad-

132 1250 211 1316 duci;
225 1248 379 1320 requisitus,
391 1248 454 1302 licet
466 1245 525 1315 ejus
537 1260 590 1301 nau
601 1243 691 1309 luerit,
704 1258 780 1299 suam
791 1256 850 1299 esse
860 1255 924 1310 pro

974 591 1054 645 aliam
1073 590 1200 645 cesanam
1219 587 1400 659 arrogantiam
1416 586 1535 653 ejrrsdem
1555 596 1693 642 accusaret
1714 588 1766 643 de·

974 681 1013 735 tii.
1032 679 1142 733 Dicebat
1155 678 1226 732 enim
1251 692 1312 731 eum
1338 675 1476 744 asperiore
1497 689 1671 744 praesensere,
1685 688 1767 745 atque

974 771 1096 825 dixisse:
1114 770 1240 839 quoniam
1266 782 1298 823 ea
1322 780 1382 835 quas
1409 764 1480 825 [leus
1502 766 1632 823 hacteuus
1654 765 1768 823 celasset

974 862 1114 935 apostolis,
1134 861 1252 916 revelata
1277 858 1385 917 sibimet
1408 857 1564 913 alilrmaret.
1589 856 1654 915 Post
1676 856 1768 929 hujus·

974 954 1047 1009 nandi
1071 969 1185 1009 vesanos
1208 951 1393 1022 superbosque
1415 965 1553 1006 sermones
1578 965 1593 1004 a
1618 959 1767 1009 memoratu

974 1046 1055 1099 Serra
1075 1043 1109 1099 de
1123 1043 1201 1098 hetin
1222 1050 1385 1113 protestatos
1400 1039 1470 1095 hecti
1491 1041 1617 1110 precihus
1640 1041 1768 1111 neqnive-

975 1144 1046 1201 rnnt,
1062 1144 1091 1189 ut
1106 1136 1133 1189 ln
1149 1143 1240 1189 nostra
1255 1132 1351 1188 herent
1369 1132 1594 1189 determinatione
1608 1131 1767 1191 cettcerdes.

976 1228 1165 1283 Verunrtaruen
1181 1242 1232 1282 nos
1252 1226 1456 1295 longanimitate
1469 1224 1582 1294 detenti,
1598 1225 1682 1280 nrulto
1706 1234 1768 1278 terra

133 1346 221 1399 ,effi
233 1349 290 1406 933
305 1349 332 1395 e,
346 1340 407 1395 ideo
431 1338 526 1401 exsilio
539 1336 699 1393 desumus·
716 1332 870 1389 Eusfflpjpg
885 1338 925 1385 [a.
975 1336 1041 1392 pore
1053 1318 1228 1373 sustinuimus
1242 1331 1297 1382 eus,
1311 1331 1383 1371 natue
1398 1314 1574 1381 indignantes,
1589 1331 1659 1368 rrunc
1670 1327 1769 1383 rogan-

133 1447 197 1489 men
215 1431 296 1487 eriam
310 1428 459 1485 Euserium
484 1427 521 1483 ita
543 1441 638 1496 sapere
651 1424 844 1496 proclamabat,
868 1421 927 1476 eri·
975 1420 1026 1475 trs,
1043 1424 1115 1463 rrrrrte
1133 1407 1350 1471 interminantes,
1375 1423 1447 1461 nune
1466 1408 1561 1461 iterum
1576 1405 1767 1476 supplicantes,

132 1535 200 1591 gem
214 1529 242 1576 u,
253 1520 411 1590 mimum„
421 1519 663 1575 ammaum,
676 1516 756 1571 pepp,
773 1514 849 1581 Quod
863 1514 926 1568 pce,
976 1508 1004 1553 ut
1027 1499 1202 1553 corruenircnt
1222 1497 1371 1563 nobiseum,
1388 1506 1415 1551 et
1429 1513 1547 1553 caesana
1562 1499 1636 1552 omiti
1651 1498 1766 1559 concissia

133 1612 221 1677 tarde,
237 1611 301 1669 feci,
315 1620 420 1678 ,amem
434 1610 690 1680 mmmmm
703 1611 776 1681 prius
790 1617 817 1664 ω
830 1615 925 1678 pom„
975 1586 1129 1642 delinirent.
1154 1587 1357 1641 sustinebamus
1376 1602 1439 1654 erqo
1459 1587 1481 1641 si
1503 1586 1614 1643 forsitan
1636 1587 1767 1657 audirent,

133 1703 306 1773 Μῶφι.
321 1701 422 1759 Deinde
444 1702 525 1758 cuam
540 1702 598 1772 ipse
611 1701 737 1770 exigebat
747 1708 776 1755 m
791 1699 925 1772 51125304.
975 1680 997 1733 si
1012 1678 1125 1733 forsitan
1139 1678 1330 1746 intelligerent,
1355 1677 1377 1730 si
1393 1678 1462 1733 sorte
1483 1679 1677 1751 prospicerent.
1692 1679 1770 1737 Curu-

132 1820 189 1853 ων
201 1798 452 1862 ,mmmmm
468 1796 543 1867 quud
557 1795 702 1867 smmum
715 1812 771 1851 nm,
782 1795 923 1850 mmm·
941 1780 1038 1841 ssque,
1055 1771 1139 1825 nrulto
1150 1780 1271 1841 tempore
1287 1769 1364 1827 rachis
1379 1769 1594 1838 perdurantibus,
1611 1785 1664 1824 non
1679 1769 1770 1825 llecte·

133 1888 208 1945 Tunc
226 1889 368 1961 Sylraaus,
393 1897 422 1945 et
444 1905 478 1945 ex
493 1905 546 1945 nou
567 1887 754 1952 existentibus,
779 1885 876 1955 iuquit,
895 1892 924 1939 et

131 1987 265 2042 creatura,
291 1987 319 2034 ct
344 1979 456 2035 alterius
481 1978 645 2043 substantie,
667 1978 768 2047 scripta
791 1990 921 2044 nusquam

131 2081 204 2127 suut.
222 2069 327 2127 lustum
351 2085 417 2141 erqo
431 2081 474 2127 est
486 2073 545 2126 hacc
564 2069 692 2126 abdicari·
717 2068 795 2137 Quod
810 2070 929 2139 impera:

133 2173 297 2237 torqueque
317 2164 480 2220 decrevitur
494 2164 588 2229 tieret,
602 2162 684 2233 quud,
698 2161 759 2217 lieet
773 2176 834 2217 cum
854 2158 925 2219 diffi-

131 2256 243 2320 cultate,
266 2257 398 2312 lecerunt.
425 2258 485 2324 Quo
508 2264 595 2325 gesto,
614 2254 758 2323 exigebant
781 2262 810 2307 nt
833 2261 861 2307 et
874 2252 924 2322 ipsi

132 2346 251 2417 ὁμουσιον
269 2346 434 2403 abdicarent.
456 2344 531 2401 Turre
545 2344 708 2415 disputative
726 2351 807 2410 atquc
821 2340 924 2395 ueraci·

133 2447 174 2492 ter
190 2436 322 2509 Sylranus
343 2437 443 2494 ait28i
464 2454 498 2492 ex
521 2451 575 2492 nan
595 2434 773 2490 existentibus
796 2447 849 2487 uon
869 2441 922 2496 est,

131 2542 220 2597 aequm
242 2537 378 2596 ereatura,
400 2543 451 2583 nec
474 2543 507 2583 er
532 2527 584 2581 alia
599 2524 749 2580 substantia
772 2523 843 2578 heus
857 2521 924 2576 ller-

132 2616 197 2672 bum
209 2636 216 2671 ι
229 2618 308 2686 igitur
321 2616 559 2675 consubstantialis
569 2623 611 2671 est
624 2614 740 2684 genitori
755 2612 844 2679 l‘atri3
855 2614 925 2669 sicut

132 2708 204 2763 Deus
217 2724 251 2763 cx
271 2708 336 2775 beo,
352 2718 380 2765 ct
393 2709 483 2765 irenen
504 2724 538 2764 ex
553 2707 662 2773 lunrinc,
684 2706 861 2777 camdemque
875 2705 925 2760 ba·

132 2797 180 2852 bet
198 2814 261 2854 cum
283 2801 405 2869 genitore
429 2808 563 2855 naturarn.
579 2797 655 2852 Tunc
672 2797 818 2867 imperator
831 2798 925 2864 iratus,

132 2890 258 2947 exsilium
279 2892 467 2947 interminatus
488 2898 530 2946 est
553 2891 603 2947 eis.
619 2891 654 2944 tlt
673 2889 710 2943 illi
724 2906 730 2943 :
746 2887 924 2955 Potestntem,

95 3026 119 3059 s
135 2981 270 3051 inquiunt,
293 2984 377 3039 hahes
396 2981 523 3053 puniendi
537 2997 607 3036 :uon
629 2990 718 3036 umen
742 2996 792 3035 nos
815 2977 924 3035 Petrum

132 3079 233 3126 statuta
250 3070 423 3129 destruimus.
443 3071 519 3127 Tunc
539 3072 686 3143 imperator
700 3071 759 3126 illos
772 3071 834 3142 pelli
846 3071 926 3139 jussit

132 3156 272 3230 Ecclesiis,
293 3171 320 3216 et
336 3178 385 3232 pro
399 3161 439 3217 eis
451 3162 519 3218 alios
537 3161 665 3217 ordinari.
682 3161 759 3217 Tunc
777 3159 925 3227 Eudoxias,

132 3265 194 3305 cum
208 3250 348 3322 tyrannice
360 3250 635 3321 Constantinopoleos
649 3259 754 3306 teneret
766 3249 924 3316 Ecclesiam,

134 3341 212 3411 pulso
228 3339 336 3395 Eleusin
359 3339 460 3413 Cyzici,
481 3340 640 3399 Eunominm
664 3343 799 3400 ordinarit
820 3346 926 3414 episco-

134 3450 209 3506 pum.
226 3433 258 3489 Et
272 3434 378 3489 Actium
399 3436 548 3509 inscriptis
567 3437 769 3503 abdicauerunt,
794 3437 870 3507 cujus
884 3439 924 3491 vi·

134 3525 269 3579 debentur
294 3540 354 3580 esse
376 3536 531 3589 cottsortes;
562 3528 781 3597 scripseruntque
807 3526 925 3595 Georgia

133 3613 208 3686 qrrod
222 3614 308 3670 luerat
327 3623 443 3686 gestum.
464 3614 670 3683 Traeououerus,
694 3615 740 3672 lib.
761 3634 791 3681 n,
806 3634 865 3689 cop.
880 3616 925 3685 bl,

976 1871 1071 1917 rentur
1085 1863 1159 1931 sequi
1181 1862 1342 1917 sententiam
1364 1876 1446 1932 super
1465 1859 1594 1931 predicto
1607 1860 1665 1916 uiro
1679 1861 1770 1931 prola-

976 1963 1042 2022 tam,
1058 1954 1183 2011 Ecclesia
1196 1954 1423 2008 honorabiliorem
1437 1968 1496 2008 csse
1513 1967 1594 2022 quam
1618 1953 1714 2007 horum
1728 1953 1769 2007 ri·

975 2061 1067 2100 rorum
1082 2043 1390 2113 amicitiasjudicantes,
1406 2042 1539 2096 {inivimus
1553 2049 1646 2097 centra
1662 2058 1710 2097 eos
1721 2058 1770 2098 es-

975 2136 1229 2193 eomrnunicationis
1244 2144 1357 2205 tempus,
1373 2149 1420 2189 sex
1437 2134 1568 2188 rnerrsiunr
1583 2133 1617 2189 ad
1638 2134 1769 2205 agendam

975 2228 1162 2300 poerritcntiam
1186 2227 1225 2284 eis
1250 2225 1347 2281 dantes
1366 2224 1504 2291 inducias;
1529 2232 1558 2278 ut
1580 2225 1602 2279 si
1623 2224 1692 2278 intra
1715 2225 1769 2281 hoc

975 2327 1081 2390 tenipus
1096 2324 1317 2375 converterentur
1330 2322 1359 2371 et
1372 2314 1557 2370 consentirent
1566 2313 1768 2369 delinitionibus

975 2409 1087 2463 hatnnu
1102 2423 1222 2473 suorum,
1245 2406 1448 2475 susciperentur
1466 2405 1492 2459 in
1517 2402 1645 2470 Ecclesia,
1662 2411 1690 2458 et
1703 2419 1769 2473 pro-

974 2498 1061 2568 priam
1086 2495 1212 2550 dduciam
1235 2494 1449 2563 charitatemque
1472 2500 1639 2564 repararent.
1662 2491 1690 2548 Si
1704 2508 1769 2553 reru

975 2590 1034 2642 sine
1046 2587 1204 2658 punitentia
1216 2594 1416 2656 permanerent,
1432 2586 1618 2654 amicitiasque
1630 2584 1769 2640 hominum

975 2680 1075 2747 regulis
1090 2678 1219 2737 Ecclesiae
1232 2688 1263 2745 ,et
1285 2676 1437 2734 corrcordiar
1451 2688 1549 2733 nostra
1570 2690 1767 2749 preponerent,

976 2778 1041 2825 tunc
1055 2785 1102 2824 eos
1113 2770 1286 2841 episcopatus
1301 2769 1432 2837 dignitate
1446 2769 1665 2839 csseJudicamus
1679 2780 1769 2827 extra·

975 2877 1051 2917 neos.
1066 2860 1167 2928 Quibus
1180 2861 1320 2931 depositis,
1334 2861 1514 2917 necessarium
1529 2862 1581 2916 erit
1595 2872 1624 2917 ut
1637 2864 1663 2917 in
1674 2878 1768 2923 eornrn

976 2953 1043 3008 locis
1056 2954 1100 3007 alit
1114 2953 1312 3008 constituantur
1321 2934 1451 3024 episcopi,
1465 2962 1596 3024 quatenus
1611 2954 1702 3024 tegatis
1717 2954 1768 3012 Ec·

975 3044 1056 3101 elesia
1067 3052 1264 3113 competentem
1277 3058 1387 3099 sumens
1397 3042 1527 3110 ordinem,
1539 3045 1589 3100 sibi
1604 3045 1767 3103 concordet:

940 3135 1111 3212 (gepffscopis
1135 3134 1259 3188 videlicet
1284 3133 1415 3189 universis
1438 3134 1608 3191 servantibus
1632 3126 1777 3196 vincatmn'

976 3227 1125 3292 charitatis,
1140 3224 1288 3297 eademque
1299 3240 1361 3280 cnm
1373 3224 1537 3296 per-lectione
1547 3227 1661 3284 dicendo
1673 3229 1701 3284 in
1715 3244 1769 3289 noe

977 3316 1114 3372 intellectu
1133 3330 1240 3386 unaque
1252 3317 1378 3371 essentia.
1405 3314 1438 3371 th
1460 3332 1525 3388 ergo
1548 3333 1768 3391 cognoscasque

976 3408 1091 3463 concillo
1120 3406 1296 3477 placuerunt,
1327 3407 1385 3462 haec
1406 3417 1457 3463 tum
1480 3411 1639 3466 reverentiae
1669 3413 1770 3481 scripta

978 3499 1194 3554 transmisimus:
1209 3510 1319 3565 ararites
1341 3510 1369 3553 ut
1387 3500 1471 3569 qratia
1485 3498 1584 3557 Christi
1608 3501 1659 3556 ista
1683 3511 1770 3556 custo

976 3590 1062 3654 cliens,
1079 3588 1189 3660 pacillcc
1210 3596 1239 3643 et
1252 3589 1371 3659 legitirae
1394 3604 1472 3659 regas
1493 3591 1542 3645 sub
1561 3600 1588 3648 te
1610 3593 1785 3655 constitutas-

133 3724 161 3777 ρ,
176 3705 238 3760 111,
977 3680 1114 3736 ecclesias.
1130 3678 1340 3747 Turonoasrus,
1352 3679 1397 3735 lib.
1414 3697 1432 3747 r,
1449 3698 1507 3753 cap.
1522 3678 1568 3754 ιι,
1581 3700 1609 3755 p.
1623 3678 1685 3740 lllss

1211 3816 1297 3886 m
1308 3811 1424 3869 canor
1441 3812 1532 3869 xtrrr.

978 3908 1020 3969 De
1034 3906 1171 3975 Euauntie,
1195 3919 1220 3963 et
1231 3907 1359 3981 macodo
1372 3909 1399 3959 ht
1421 3904 1515 3978 Cyzico
1528 3910 1605 3978 fetent
1625 3909 1769 3976 ordinatur,

1001 3980 1099 4037 eliade
1114 3996 1204 4035 rursus
1213 3980 1347 4050 depulsus,
1363 3979 1490 4033 lrmrcseor
1509 3988 1599 4035 wctor
1610 3982 1747 4037 remiserit.

1013 4072 1091 4129 fluite
1109 4072 1180 4129 enirn
1203 4072 1311 4127 betium
1323 4070 1471 4127 Euucmius
1484 4072 1540 4130 ms
1562 4072 1638 4129 libris
1656 4076 1770 4143 proluit,

978 4174 1006 4220 et
1019 4165 1157 4221 honinem
1169 4163 1217 4219 Dei
1231 4174 1321 4229 cocat,
1335 4163 1481 4233 multisque
1494 4162 1633 4219 lareribus
1644 4164 1770 4223 honorat.

979 4253 1033 4310 Sed
1050 4264 1114 4310 turre
1139 4262 1168 4308 et
1189 4253 1378 4309 abdicantibus
1401 4268 1464 4311 curn
1486 4252 1616 4319 interluit,
1639 4264 1668 4310 et
1685 4256 1720 4311 ab
1733 4258 1774 4313 eis

252 3858 392 3900 ιιιιιιιιι
406 3860 542 3901 seurota
557 3860 678 3901 urorum
692 3860 808 3902 concrum

312 3935 353 3990 tta
363 3936 508 4007 uenenum
522 3947 617 3993 cuntm
632 3930 749 4002 Aetium,

261 4048 373 4121 Propter
387 4052 515 4124 resonum
531 4051 714 4123 blasphemium
732 4053 798 4124 epa.

173 4162 272 4218 Sancta
293 4163 411 4236 synodus
430 4161 667 4234 Constantinopoli
684 4174 856 4236 enumerata,
876 4166 927 4223 dc·

136 4253 211 4309 mino
221 4253 371 4309 horrorahili
383 4252 569 4311 Alexandriam
578 4253 694 4313 civitatis
704 4238 832 4327 episcopo
843 4255 928 4315 Geor-

136 4345 182 4417 gia
196 4343 319 4399 salntem.
979 4345 1161 4414 episcopalem
1183 4343 1379 4399 ordinationem
1404 4343 1462 4414 ipse
1481 4345 1612 4413 suscepit.
1636 4343 1775 4402 Eudoxias

173 4432 283 4505 synode
305 4432 518 4504 reprehendente
538 4435 646 4490 delium
665 4445 777 4508 propter
799 4437 930 4495 nefandas
980 4434 1060 4505 igilur
1073 4442 1102 4488 et
1114 4432 1230 4489 Acutius
1242 4448 1305 4488 eum
1317 4433 1374 4489 stus
1386 4433 1537 4503 ermbertus
1556 4446 1718 4491 cametuutn
1732 4437 1775 4495 bis

138 4524 199 4593 cius
221 4531 249 4579 et
262 4525 355 4594 plenas
377 4525 509 4581 scandalis
523 4525 681 4596 scripturas,
696 4527 844 4585 secuudum
867 4545 930 4586 con
945 4536 967 4593 o
982 4542 1041 4598 quac
1056 4525 1082 4581 in
1096 4523 1187 4579 Nicaea
1210 4521 1331 4580 tunae
1353 4532 1429 4594 qesta
1452 4534 1527 4588 siut,
1551 4541 1604 4597 pro
1623 4526 1725 4586 basilio
1748 4540 1775 4587 ct

136 4610 307 4685 sequentiam
328 4614 570 4672 ecclesiasticarum
594 4618 776 4686 sanctionum,
795 4634 878 4691 super
896 4636 931 4679 ea
982 4615 1091 4674 Eleusin
1104 4615 1382 4673 aliusccnstitucruat
1395 4615 1556 4688 episcopusa
1572 4617 1606 4675 dc
1619 4619 1776 4689 quibuscu-

137 4707 174 4764 ab
197 4706 330 4777 episcopis
356 4715 447 4762 actum
472 4708 608 4779 estquod
631 4708 753 4767 decebat.
783 4711 933 4783 blacenatu
983 4705 1671 4779 pervacanenmloquinurrcceuseu,beEuueruio
1686 4713 1777 4767 salmo

138 4813 258 4868 namque
276 4796 413 4869 depositus
428 4806 479 4861 est,
497 4809 525 4856 et
546 4799 580 4855 ah
594 4798 714 4858 Ecclesia
730 4801 815 4860 iactus
838 4812 931 4860 exua-
983 4802 1076 4858 habite
1090 4815 1215 4857 sermone
1230 4799 1356 4856 canabo
1371 4797 1454 4872 lqitur
1476 4816 1550 4870 curn,
1573 4800 1680 4859 Eleusin
1702 4806 1773 4870 rire,

138 4904 218 4945 nens.
234 4886 267 4944 Et
278 4905 294 4945 a
306 4888 385 4944 nobis
397 4889 453 4945 bac
467 4891 569 4946 monita
581 4903 781 4963 precesserunt,
800 4904 829 4952 ut
843 4911 933 4968 neque
983 4895 1143 4966 cyzicenam
1156 4891 1304 4951 Ecclesiam
1320 4893 1484 4964 percepisset
1506 4892 1662 4965 Eunomius,
1677 4903 1706 4950 ct
1725 4910 1771 4967 po·

138 4978 177 5035 ad
190 4979 333 5035 lectionem
349 4978 497 5050 cujuspiam
513 4982 621 5038 ueniam
631 4982 752 5040 netandae
762 4985 932 5057 ejuscpbto·
983 4987 1039 5059 ptrli
1053 4986 1238 5057 salubritatem
1253 4985 1358 5041 rideret
1376 4980 1522 5054 Eudoxias,
1536 4993 1617 5055 utque
1630 4985 1771 5056 imperato

140 5067 195 5121 lae:
211 5066 260 5121 sed
279 5065 449 5136 abjiciantur,
472 5083 506 5123 eo
529 5070 601 5140 quod
625 5073 800 5131 vehementer
824 5076 932 5134 inutiles
984 5093 1042 5134 rem
1055 5077 1224 5161 couspieeret
1242 5076 1396 5133 sevientem
1415 5076 1776 5145 contrementesque

139 5168 214 5213 sunt.
231 5157 278 5214 llis
292 5168 381 5215 autem
396 5160 536 5233 adjicimus
550 5166 631 5220 etiam
652 5168 931 5229 anathematisandum
985 5168 1181 5239 pretttehaaurr
1202 5165 1369 5234 ιιιιὶιθῠίῑωῦ
1388 5164 1435 5223 0θί
1446 5164 1553 5230 ΝΜ,
1568 5179 1630 5220 0⁰¹⁰
1643 5167 1778 5238 combblii

140 5258 216 5316 eum,
230 5248 252 5303 si
266 5260 424 5319 permaneat
436 5250 464 5307 in
486 5267 520 5308 ec
533 5255 683 5327 proposita,
697 5273 761 5313 cum
772 5259 933 5329 sequacibus
986 5267 1015 5323 ut
1028 5259 1128 5315 celaret
1140 5257 1210 5313 hunc
1222 5272 1341 5324 senseat,
1354 5255 1604 5326 mormannum
1615 5256 1775 5327 investigan-

140 5342 208 5399 suis.
219 5340 474 5414 Coumqucusenim
485 5354 544 5402 erat
558 5355 589 5433 ut
602 5363 697 5407 omnes
712 5350 738 5406 iu
749 5353 853 5425 synodo
867 5368 934 5410 eon-
987 5350 1058 5411 t'bus
1077 5348 1279 5404 cccwloribm
1292 5364 1299 5401 ³
1313 5346 1406 5405 cecis
1425 5343 1558 5403 ΕΜΜ
1576 5363 1695 5418 ΜΘ,
1710 5364 1777 5419 qun·

140 5433 282 5489 venientes
303 5433 423 5504 episcopi
441 5434 608 5506 uepnmrent
629 5448 768 5497 auctorem
791 5442 935 5499 scandalo·
987 5439 1060 5497 uiam
1078 5447 1231 5511 opportuno
1246 5446 1369 5509 mutpcrs
1387 5436 1590 5510 praedicabimus
1611 5454 1672 5509 qum
1694 5438 1782 5497 noto

140 5532 241 5579 rurnct
252 5524 426 5581 schismatum
442 5526 469 5581 iu
483 5527 557 5582 omni
572 5536 703 5585 terrarum
722 5530 789 5587 erbe
802 5529 936 5588 laetarum
986 5533 1115 5596 celamus,
1129 5541 1158 5589 et
1170 5533 1325 5603 ianumutes
1337 5530 1504 5598 cambium
1518 5540 1547 5587 ct
1560 5531 1783 5587 conualleentes

140 5613 215 5669 inter
227 5610 371 5681 Eaiesias,
392 5625 421 5673 et
441 5617 638 5675 concordarent
652 5620 827 5679 incontentia
841 5632 936 5680 matra
986 5633 1034 5681 aut
1048 5621 1196 5687 memmae,
1211 5630 1258 5681 aut
1271 5636 1412 5692 ceperam
1429 5628 1475 5679 aut
1487 5622 1639 5693 pusiem
1655 5620 1702 5679 liis
1714 5636 1780 5694 Μ·

141 5714 207 5757 eum
217 5702 289 5773 juste
303 5706 419 5778 motata.
435 5704 488 5763 Sed
502 5716 579 5764 extra
593 5717 656 5766 vcta
669 5726 800 5783 spemque
814 5722 936 5769 nostram
986 5713 1159 5771 mbsiuaibus
1171 5728 1315 5787 pereum
1328 5713 1488 5781 cuneatus
1502 5714 1691 5773 οιιιιιιιιιιιι
1712 5730 1773 5786 pre

141 5791 238 5854 Scrras
251 5807 280 5855 ct
300 5798 466 5871 Stephanus,
490 5798 651 5862 llcliudcrus
670 5811 698 5863 et
719 5802 885 5876 Tlrcaphllus
906 5803 935 5863 iu
986 5792 1279 5882 termatiniptetaten.
1292 5804 1514 5879 Scdqtridiviuis
1523 5802 1778 5866 amrmemus·
