4059 6184
194 265 248 324 593

828 267 1011 324 tentantia
1034 268 1136 327 medii
1153 269 1197 326 tlt.

1782 276 1836 335 894

192 382 301 453 rapidas
315 345 371 439 noa
392 381 502 437 minima
525 380 706 439 sollicitudine
720 381 859 451 navigari:
874 398 908 438 ne
923 398 990 453 pras·
1005 386 1031 445 A
1043 382 1188 455 direptioni
1198 393 1240 441 est
1254 386 1438 444 mollissimum
1451 389 1604 460 plumbum,
1616 392 1650 449 de
1660 404 1757 450 ornata
1768 410 1838 453 mte-

192 474 306 544 cipitato
320 473 435 527 torrenti
450 472 552 526 marina
567 472 670 542 possint
683 468 821 539 naufragia
840 472 984 527 sustinere.

193 562 260 618 ilinc
272 560 358 617 lloma
373 561 526 630 singularis,
538 570 638 631 quanta
652 561 678 615 in
692 569 719 615 te
732 563 782 624 sit,
796 568 885 631 potest
898 562 987 631 colligi

192 649 358 719 magnitudo.
374 649 440 718 oua
463 652 536 706 enim
560 651 665 706 urbium
688 653 787 707 audeat
800 652 853 707 tuis
865 652 989 707 culmini·

192 742 244 796 bus
258 741 433 807 contendere,
448 740 556 812 quando
571 756 621 797 nec
636 741 688 795 ima
704 751 749 796 tua
770 750 882 812 possunt
895 742 990 797 simili·

191 829 314 887 tudinem
335 831 473 902 reperire?
486 829 520 883 lit
535 831 596 886 iden
611 831 766 901 supradicto
785 828 883 887 loanni
907 830 989 887 oilieii

190 924 277 979 nostri
290 924 387 980 solatia
401 939 451 980 ros
465 924 585 995 praebere
599 939 760 980 censemus:
774 925 901 993 qnoniam
916 924 990 979 ordi·

190 1013 317 1068 nationes
330 1021 438 1069 nostras
453 1012 572 1083 publicas
584 1012 708 1068 volumus
720 1012 831 1083 implere
845 1029 989 1082 personas;

192 1102 314 1172 privatas
327 1117 422 1158 manus
441 1110 608 1168 amoventes,
622 1116 681 1170 quae
692 1102 819 1156 austasius
832 1111 990 1169 merguntur

192 1198 305 1255 illicitis.

447 1305 614 1362 epistota
632 1305 728 1361 lllllll.

307 1415 419 1456 santam
433 1415 507 1455 oens
521 1414 600 1453 noun
616 1413 799 1453 ansonomcus
812 1413 876 1452 nex.

196 1491 299 1549 Scribit
314 1509 341 1546 se
356 1491 456 1547 ntiriste
470 1489 599 1544 Joonrrem
612 1491 646 1541 ud
660 1489 840 1560 inquirendam
853 1488 880 1541 in
895 1486 990 1558 estqui

229 1579 310 1633 mnae
324 1563 466 1631 sormortmt
488 1559 523 1612 od
545 1559 679 1626 proprium
702 1575 777 1612 nsum
794 1557 989 1623 derivaverant,

228 1642 253 1687 et
267 1632 345 1685 etiam
357 1632 384 1684 in
399 1646 443 1683 ece
462 1631 506 1700 qni
529 1628 583 1699 50
603 1643 639 1682 oer
656 1638 682 1683 et
694 1627 827 1697 plumbnrn
840 1643 873 1681 ea
896 1635 990 1680 ornatu

229 1701 350 1754 mortium
372 1699 545 1765 abstulerant,
560 1707 585 1751 et
599 1707 627 1751 at
653 1699 702 1768 ipat
717 1714 744 1751 m
758 1699 798 1752 tiis
818 1695 916 1750 cosilio
938 1696 986 1759 cit,

232 1771 363 1824 admonet.

230 1861 358 1928 Quamvis
383 1859 512 1916 univesa
538 1859 642 1929 reipub.
667 1865 767 1915 nostre
793 1856 986 1927 infatigabilem

195 1967 289 2007 cairam
304 1948 489 2006 desideremus
507 1949 672 2020 impendere,
687 1956 729 2015 et,
745 1948 801 2003 Deo
820 1944 937 2013 favente,
954 1944 987 2001 ad

195 2051 297 2097 statum
309 2042 452 2112 pristinum
466 2040 622 2098 studeamus
635 2048 732 2097 cuncta
745 2053 884 2106 reuocare,
899 2046 989 2095 tamea

195 2134 324 2189 Bourance
336 2131 452 2187 civitatis
465 2130 621 2188 sollicitiore
636 2144 686 2186 nos
699 2137 842 2199 augmenta
856 2128 989 2184 constrin-

192 2234 276 2295 gunt,
292 2225 337 2280 ubi
351 2209 481 2295 quidquid
503 2222 608 2278 decoris
628 2220 799 2291 impenditur,
820 2218 989 2291 generalibus

192 2318 297 2390 gaudiis
310 2318 462 2374 exhibetur.
479 2314 604 2370 Pervenit
626 2313 718 2383 itaque
732 2311 769 2367 ad
787 2320 907 2367 nostram
922 2325 989 2366 eon·

193 2409 351 2475 scientiam,
376 2406 547 2477 suggestione
569 2404 732 2473 multorum,
747 2417 807 2474 quae
830 2416 912 2472 prava
935 2414 989 2456 non

194 2508 287 2571 potest
309 2498 479 2554 dissimulare
501 2496 660 2562 commissa,
683 2495 760 2565 plura
784 2495 812 2550 ia
835 2491 989 2563 praejudicio

196 2592 270 2646 urbis
283 2589 412 2645 Romanae
426 2586 599 2644 detestabiles
611 2594 819 2657 praesumptores
833 2597 987 2649 assumere;

1043 474 1119 530 nium
1143 473 1298 557 referuntur
1322 493 1383 534 esse
1401 479 1523 548 sublata,
1543 496 1604 551 quse
1626 493 1753 541 auctores
1773 502 1840 544 snos

1042 564 1147 623 meniis
1157 578 1359 624 consecrarunt.
1375 568 1424 625 AEs
1438 573 1508 629 enim
1521 571 1605 631 lenos
1619 574 1764 633 'l'bessaliae
1777 593 1835 646 rer,

1042 656 1179 727 plumbum
1204 657 1287 713 llidas
1310 669 1438 728 regnator
1461 659 1584 734 Pbrygiae
1609 677 1777 735 repererunt.
1803 666 1837 721 nt

1042 762 1122 818 qnam
1137 749 1266 804 miserum
1287 759 1340 821 est,
1354 758 1384 806 nt
1397 753 1469 807 unde
1483 751 1581 810 lamam
1603 758 1779 827 providentiae
1792 738 1837 816 ald

1042 847 1228 909 susceperunt,
1244 855 1295 896 nos
1318 842 1474 911 opinionem
1498 846 1668 917 negligentiae
1692 849 1837 907 incurrisse

1040 929 1200 986 videamur?
1215 929 1326 1002 Templa
1340 934 1422 989 etiam
1444 944 1473 990 et
1490 937 1551 993 laea
1570 939 1692 1009 publiea,
1707 956 1767 1010 qnae
1788 958 1834 1015 pe·

1042 1019 1161 1076 tentibrn
1176 1020 1269 1078 multis
1282 1023 1316 1078 ad
1331 1025 1530 1095 reparationem
1542 1030 1714 1099 contulimus,
1727 1033 1835 1090 cribrer-

1041 1110 1109 1165 sioni
1124 1112 1214 1180 potius
1233 1112 1315 1169 luisse
1336 1118 1499 1187 mancipata.
1515 1118 1550 1175 lit
1562 1123 1690 1192 quoniam
1707 1124 1838 1182 malarum

1041 1217 1131 1257 rerum
1146 1203 1363 1263 emendationes
1377 1209 1509 1281 delectat,
1523 1228 1557 1269 ne
1571 1228 1698 1272 concessa
1711 1216 1838 1274 rideatur

1040 1310 1075 1348 er
1095 1294 1278 1353 taciturnitate
1300 1298 1422 1368 licentia,
1438 1300 1568 1361 loannem
1586 1307 1674 1364 airum
1697 1311 1835 1379 spectabi·
1862 1322 1871 1354 -·
1895 1332 1904 1351 ·

1041 1382 1094 1437 lem
1117 1382 1234 1441 electum
1254 1397 1347 1444 nostra
1366 1388 1470 1458 institia
1482 1393 1516 1449 ad
1530 1394 1589 1453 haee
1602 1412 1661 1468 qna
1675 1414 1755 1469 snpra
1776 1414 1834 1455 me-

1040 1474 1223 1542 moravimus,
1244 1476 1391 1535 direximus
1413 1481 1589 1552 inquirenda;
1611 1495 1642 1541 ut
1664 1496 1762 1544 cuncta
1785 1504 1834 1545 suo

1040 1565 1134 1622 ordine
1148 1567 1281 1634 discussa,
1298 1570 1376 1627 nobis
1398 1573 1542 1631 relationis
1560 1575 1692 1647 obsequio
1712 1578 1835 1637 luciden-

1041 1664 1099 1723 tar;
1111 1664 1243 1728 quatenus
1254 1660 1362 1730 quidde
1374 1662 1486 1733 singulis
1499 1666 1590 1733 rebus,
1603 1677 1650 1722 aut
1664 1668 1697 1724 de
1709 1683 1838 1740 prasum-

1006 1747 1162 1821 Bptoribus
1176 1762 1267 1804 earum
1283 1750 1340 1805 lieri
1355 1761 1494 1822 oporteat,
1510 1770 1585 1812 more
1604 1764 1703 1813 uostrae
1724 1758 1834 1827 justitia

1040 1850 1209 1894 censeamus.
1225 1839 1358 1897 Adhibme
1371 1854 1442 1898 nunc
1456 1845 1559 1907 studia.
1583 1856 1709 1917 praestate
1723 1850 1834 1918 celatim

1041 1934 1070 1982 ut
1083 1928 1299 2000 inquisitionem,
1314 1946 1397 2002 mam
1410 1934 1565 1992 debueratis
1580 1946 1681 2007 petere,
1696 1948 1772 2008 grata
1793 1942 1833 1997 vi·

1038 2016 1157 2076 deamini
1169 2029 1260 2078 mente
1271 2023 1417 2094 complere.

1295 2155 1461 2213 aristeas
1482 2158 1586 2216 llllllll.

1128 2262 1252 2305 canetae
1266 2264 1326 2304 t'ttto
1340 2263 1471 2304 senatorii
1486 2266 1667 2307 Tuzouttntctts
1681 2270 1744 2307 nex.

1041 2336 1139 2392 Scribit
1152 2355 1180 2391 se
1191 2337 1395 2404 Arelatensiior,
1418 2342 1461 2410 qui
1482 2342 1679 2412 repitentibus
1701 2347 1833 2415 {ne-errent,

1075 2413 1100 2460 et
1114 2407 1145 2462 al
1160 2408 1207 2461 boc
1221 2407 1380 2463 obsidionem
1399 2420 1425 2463 et
1438 2414 1571 2478 penariam
1596 2414 1772 2482 pertulerant,
1788 2433 1834 2485 per

1076 2484 1196 2548 qoortom
1209 2479 1377 2534 indictionem
1390 2478 1485 2534 tributo
1499 2482 1642 2536 redonasse.

1075 2588 1188 2645 Constat
1201 2590 1272 2660 apud
1287 2606 1336 2647 nos
1350 2590 1466 2646 bdelium
1481 2608 1533 2646 non
1548 2593 1770 2663 pernoscenda,
1785 2596 1832 2648 sad

196 2689 225 2736 ut
238 2681 281 2736 eui
296 2695 492 2736 nossummum
508 2678 690 2733 desideramus
704 2677 833 2757 adhibere
853 2677 987 2740 stadium,
1041 2679 1068 2733 in
1090 2679 1211 2734 tristibus
1235 2679 1356 2750 impensa
1379 2681 1500 2752 recipere
1525 2683 1550 2736 in
1576 2684 1687 2738 nrrlinre
1711 2685 1829 2740 britanna.

196 2772 289 2826 dolum
314 2772 431 2842 patiatur
453 2770 592 2840 injustam.
613 2769 785 2840 Quapropter
808 2768 990 2827 ordinationes
1040 2770 1241 2826 Arelatensibns
1254 2771 1354 2840 itaquo,
1370 2772 1415 2841 qui
1431 2772 1529 2827 nostris
1543 2774 1663 2843 partibus
1684 2778 1830 2845 pentuma-

195 2873 304 2919 nostras
318 2864 352 2918 ad
366 2872 482 2919 emnam
496 2861 609 2917 iacimus
622 2860 747 2917 notitiam
761 2860 912 2931 pervenire,
928 2859 989 2929 qui·
1040 2869 1081 2916 tes
1098 2861 1222 2937 gloriose
1244 2860 1391 2919 obsidionis
1407 2863 1546 2934 penuriam
1562 2866 1727 2934 pertulerunt
1742 2867 1830 2940 [anno

194 2959 246 3017 bus
256 2956 370 3026 amplius
381 2955 517 3012 credimus
531 2954 648 3009 civitatis
661 2963 757 3009 restrae
777 2950 915 3023 dispendia
930 2951 987 3007 dis-
1041 2950 1137 3007 Cicirri
1150 2950 1223 3023 illi
1239 2968 1288 3024 per
1300 2952 1473 3009 indictionem
1484 2963 1606 3024 quartam
1622 2955 1720 3019 tiscnlia
1734 2957 1831 3011 tributa

194 3050 307 3122 plioere.
320 3047 423 3103 Dicitur
436 3060 510 3116 crgo,
526 3044 661 3101 commodi
687 3059 750 3099 cura
765 3042 876 3114 priuati,
891 3057 988 3112 aquarn
1040 3052 1133 3098 nostra
1152 3044 1258 3099 relaxat
1271 3044 1435 3111 hirnianitas,
1458 3045 1495 3099 ita
1511 3054 1540 3099 ut
1553 3045 1643 3101 sutura
1662 3057 1784 3118 tempure
1797 3047 1831 3103 ad

194 3138 341 3197 laminarum
353 3146 378 3203 ⁸,
390 3153 470 3205 quam
481 3150 586 3193 summo
598 3135 708 3191 deceret
717 3133 805 3188 studio
815 3131 990 3197 courrriuniri,
1004 3129 1028 3192 C
1043 3136 1149 3192 solitam
1163 3134 1277 3190 redeant
1299 3135 1479 3202 iunctionem;
1494 3146 1625 3203 quatenns
1638 3146 1666 3192 et
1686 3153 1735 3192 nos
1747 3139 1831 3193 bene-

194 3231 230 3287 ad
253 3245 329 3299 aquae
351 3230 437 3284 molas
459 3226 632 3292 exercendas,
654 3226 695 3282 rel
722 3226 816 3279 bertas
840 3222 989 3292 irrigandos

194 3320 278 3376 ltnsse
301 3320 459 3375 derivatam.
475 3317 564 3388 Turpe
584 3318 648 3384 hoc,
667 3324 695 3371 et
714 3314 867 3386 miserabile
892 3314 917 3368 in
943 3314 988 3369 illa
1018 3384 1019 3387 Ἴ

194 3412 263 3465 arbe
283 3409 358 3474 lieri,
373 3409 445 3478 quod
469 3421 611 3479 peragras
633 3405 679 3460 rix
702 3404 811 3459 deceret
826 3403 936 3458 assumi.
953 3400 989 3456 Et

194 3502 334 3572 quianon
358 3513 500 3570 passumus
523 3496 632 3552 admissi
652 3493 808 3565 qualitatem
838 3494 905 3547 ultra
927 3491 988 3562 jara

194 3590 331 3660 corrigere
346 3588 392 3662 (ne
404 3589 468 3644 dum
482 3588 589 3643 labricis
604 3587 733 3658 prodesse
750 3584 884 3651 volumus,
901 3586 987 3653 legum

195 3680 312 3736 culmina
326 3678 516 3749 desudamus),
531 3678 554 3735 si
568 3678 647 3749 hujus
668 3676 868 3734 nefandissime
881 3676 922 3731 rei
936 3674 987 3731 do·

194 3771 285 3826 minus
307 3769 442 3825 'lricennii
461 3768 663 3839 praescriptione
679 3766 745 3841 [ed.,
767 3763 988 3837 presumptione]

194 3863 325 3929 munitur,
339 3870 451 3932 accepto
466 3861 553 3931 pretio
564 3859 729 3929 competenti
743 3874 820 3913 snum
834 3856 932 3912 vendat
946 3873 989 3911 cr·
1008 3911 1013 3921 ,

194 3967 303 4018 rorem;
316 3961 347 4008 ut
358 3953 431 4022 qnod
449 3953 587 4009 laesionem
609 3952 723 4023 publicis
737 3957 848 4020 prestat
870 3948 987 4012 lubricis,

1041 3225 1143 3281 meritis
1157 3223 1367 3280 vicissitudinem
1388 3224 1535 3281 reddidisse
1549 3225 1697 3294 videamur,
1711 3234 1739 3283 et
1753 3229 1787 3284 ab
1796 3228 1830 3283 il·

1040 3315 1083 3381 lis,
1098 3331 1158 3372 cum
1172 3330 1219 3372 res
1230 3315 1395 3388 poposcerit,
1409 3314 1488 3372 solita
1503 3314 1610 3372 devotio
1628 3331 1682 3372 non
1705 3326 1826 3387 negetur.

1040 3404 1175 3461 Satientur
1189 3407 1215 3461 in
1231 3406 1355 3462 libertate
1369 3407 1414 3477 qui
1425 3423 1474 3479 pro
1491 3408 1568 3462 nobis
1582 3408 1609 3462 in
1624 3410 1753 3479 angustiis
1768 3425 1830 3465 esn-

1039 3496 1093 3551 rire
1108 3496 1267 3552 maluerunt.
1288 3496 1350 3552 Sint
1366 3496 1418 3551 laeti
1432 3497 1476 3573 qui
1492 3497 1626 3553 tristitiam
1642 3498 1755 3555 lideliter
1767 3515 1829 3570 per-

1040 3589 1167 3646 tulerunt.
1180 3590 1238 3646 Non
1249 3591 1328 3647 decet
1337 3592 1427 3648 statim
1440 3592 1473 3646 de
1487 3592 1593 3647 tributis
1603 3607 1663 3648 osse
1673 3593 1829 3663 sollicitum,

1038 3682 1084 3751 qui
1098 3698 1189 3739 casum
1203 3684 1248 3738 vix
1261 3686 1348 3754 potuit
1361 3684 1497 3741 declinare
1505 3693 1681 3756 postremum.
1696 3686 1830 3759 liquistis

1039 3774 1104 3851 ista,
1124 3791 1177 3831 non
1192 3776 1307 3831 obsessis
1322 3777 1490 3846 inquirimus.
1515 3776 1585 3844 Quid
1602 3778 1674 3832 onim
1689 3793 1704 3832 a
1718 3774 1829 3835 dominu

1039 3866 1095 3937 agri
1112 3867 1203 3939 exigas
1217 3865 1242 3937 b,
1263 3883 1342 3939 qnam
1369 3882 1430 3924 earn
1455 3882 1508 3924 non
1523 3866 1639 3923 coluisse
1658 3868 1829 3937 cognoscas?

1039 3960 1190 4017 Pretiosum
1205 3963 1319 4031 vectigal
1330 3962 1385 4030 jnm
1401 3962 1478 4016 nobis
1488 3959 1619 4016 dederunt
1632 3976 1687 4017 suae
1703 3959 1772 4016 tidei.
1786 3960 1831 4018 ln·

194 4061 250 4102 ⁰⁰¹¹
266 4054 444 4117 lliffiffliluf
467 4045 597 4101 ullelfflssi
612 4061 647 4100 ¹¹0
666 4042 739 4114 (lu0d
757 4058 829 4098 ¹¹1¹ssss
843 4041 892 4098 sub
908 4042 988 4109 latii·
1036 4051 1137 4121 justum
1152 4063 1194 4109 est
1216 4060 1247 4108 ut.
1269 4053 1334 4107 siles
1352 4053 1480 4123 pecunias
1499 4053 1636 4122 exigamus
1656 4052 1758 4109 abillis
1782 4051 1828 4125 qui

194 4144 252 4191 tate
275 4137 445 4204 corrigimus,
460 4143 555 4207 postea
575 4135 748 4191 severissime
770 4134 946 4188 vindicemus.
960 4130 988 4187 Si

193 4240 260 4282 uere
272 4227 327 4281 tale
347 4225 446 4296 aliquid
467 4225 597 4280 moderna
624 4224 832 4295 presumptione
856 4229 989 4278 tentatum

193 4324 251 4378 est,
266 4314 325 4369 sine
338 4315 508 4370 dubitatione
528 4314 648 4369 tollatur.
665 4312 749 4369 Unius
762 4314 833 4369 enim
854 4311 988 4368 desiderio

193 4420 279 4476 pravo
302 4407 436 4476 generalis
457 4406 538 4462 debet
559 4404 662 4459 utilitas
684 4402 825 4470 anteferri,
842 4404 885 4459 eui
905 4404 987 4459 velia

1038 4145 1169 4216 gloriosas
1182 4146 1360 4202 conscientias
1373 4146 1536 4201 abtulerunt.

1281 4237 1448 4293 aristosa
1468 4236 1585 4292 xxxiii.

1038 4345 1166 4388 ardonico
1176 4346 1238 4386 tuto
1253 4345 1383 4396 ttbosrnt,
1400 4344 1544 4385 rameseie
1554 4345 1637 4395 onom,
1646 4345 1828 4390 redundantius

1401 4436 1465 4473 REX.

100 4528 103 4533 “
193 4498 283 4552 ⁰³⁰³ss
293 4497 372 4567 justis
386 4513 448 4552 ΝΠ)
463 4496 564 4568 llmerit
577 4495 691 4552 ΟΜῙΉῙ·
706 4494 839 4561 M³¹¹⁰lli¹¹
853 4509 917 4549 νοω
931 4494 986 4549 f0l'
1001 4490 1151 4568 Denabaran
1162 4511 1340 4566 drinentorinr
1353 4519 1429 4592 ntqne
1443 4509 1574 4580 Sapirene
1585 4515 1641 4586 ejas
1653 4517 1724 4586 [iliter
1737 4518 1828 4575 iisdem

193 4602 299 4643 marum
311 4589 419 4646 servitia
442 4588 591 4659 principum
616 4584 769 4656 provisione
792 4586 935 4654 deputata,
959 4584 985 4638 in

194 4680 359 4750 privatorum
387 4679 560 4749 cognorimus
592 4678 729 4734 transiisse
761 4676 918 4732 dominium.
937 4674 986 4731 AEs

193 4756 337 4841 praeterea,
351 4786 405 4826 riou
419 4769 557 4824 minimum
572 4769 688 4839 pondus,
701 4777 729 4824 et
742 4767 813 4838 quod
826 4766 983 4822 facillimum

192 4901 246 4956 dici
276 4902 461 5024 placendum
476 4903 502 4957 in
520 4918 554 4958 eo
570 4919 639 4974 aqua
661 4909 725 4956 stet.
738 4902 792 4957 Sed
806 4911 834 4958 et
854 4901 921 4969 inira
935 4902 983 4956 lib.

192 4973 364 5096 “inilia
395 4972 970 5112 n‘tt‘ttitttt.“‘tttt²tl‘ntdn.

272 5083 279 5094 ·
368 5081 375 5095 ·
474 5081 494 5109 η
542 5103 548 5113 ,
595 5081 663 5119 ry
705 5113 710 5122 ι
746 5080 765 5103 ·t
908 5083 915 5107 r
971 5069 984 5081 ‘

192 5110 746 5250 scintillantiiniti-itt
760 5109 983 5244 liuidinis,

191 5251 227 5306 de
249 5251 526 5317 andstandandein.
542 5266 580 5319 rr,
595 5251 640 5308 lib.
653 5252 680 5318 7,
696 5251 772 5304 torm.
788 5250 814 5315 ti,
830 5252 856 5304 ia
871 5250 985 5305 lormnla

190 5321 327 5375 cambire
340 5320 485 5375 termarum
502 5321 590 5377 Urbis.
609 5321 712 5375 mena
728 5329 818 5375 autem
832 5337 880 5390 pro
900 5320 984 5376 aediti-

191 5390 235 5445 cin
249 5406 282 5446 ac
294 5400 439 5459 stilicidia,
453 5392 471 5446 l.
486 5392 530 5458 27,
553 5395 575 5446 si
599 5391 758 5461 pendentes,
774 5392 788 5461 ‚t
804 5392 901 5462 siquid
915 5391 985 5444 etna·

192 5476 264 5527 cnnt,
285 5460 316 5513 l).
341 5460 376 5513 de
391 5461 520 5516 usulruct.
537 5462 649 5516 formam
672 5462 855 5530 aquaeductus,
877 5459 982 5530 Ulpiani.

190 5531 359 5603 llarmenop.
377 5532 413 5585 lib
437 5548 465 5597 n,
483 5533 522 5586 tit.
539 5547 557 5594 t,
571 5545 653 5600 agens
666 5530 700 5585 de
716 5531 835 5587 aediliciis
848 5547 882 5586 er
898 5532 985 5585 aliena

193 5601 338 5656 exstructis
350 5603 472 5667 materia,
484 5607 516 5657 τὰ
528 5602 581 5662 εἴδη
595 5611 682 5667 vocat,
690 5604 749 5678 napi
758 5609 807 5656 τῶν
819 5604 843 5666 ἐξ
854 5603 985 5675 ἀλλοτρίας

193 5674 252 5731 iiim
266 5674 399 5742 prinninae
410 5672 490 5726 aiios.
511 5671 593 5727 FORN.

234 5734 399 5798 estraines
411 5744 570 5799 tributorum
585 5756 598 5796 a
613 5741 732 5813 prinicipe
753 5740 923 5798 inductorum
935 5754 985 5797 ex·

1109 4582 1198 4655 ipsiius
1212 4580 1340 4652 referendi
1355 4594 1444 4647 carro,
1459 4581 1599 4655 privilegiis
1613 4586 1755 4657 pendeant.

1071 4675 1181 4730 Gratum
1199 4673 1277 4729 rrobis
1290 4680 1331 4727 est
1353 4681 1414 4727 rote
1439 4681 1530 4730 nostra
1554 4675 1619 4751 [ed.,
1633 4681 1740 4756 restra]
1758 4682 1827 4737 circa

1037 4765 1106 4820 sacri
1117 4763 1218 4818 ordinis
1227 4769 1368 4832 augmenta
1382 4760 1521 4833 prolicere.
1537 4765 1672 4826 Laetamur
1683 4772 1829 4828 talesriros

1037 4908 1143 4958 actores
1156 4901 1186 4955 l).
1202 4898 1411 4972 Chrysostomns
1425 4902 1583 4973 insectator,
1595 4908 1641 4975 qui
1654 4908 1689 4962 ab
1704 4910 1830 4977 agricolis

1038 4988 1070 5025 ea
1085 4986 1145 5041 qnae
1157 4986 1191 5026 ne
1205 4979 1276 5025 terra
1287 4971 1394 5039 quidem
1408 4975 1572 5042 protulisset,
1588 4975 1753 5044 lingitareut;
1768 4997 1830 5037 eos·

1038 5055 1090 5110 qne
1104 5042 1129 5095 in
1144 5046 1345 5111 comparatione
1356 5056 1413 5111 reg.
1429 5050 1456 5095 et
1473 5045 1597 5099 monach.
1613 5061 1770 5107 communes
1788 5070 1829 5111 rs-

1038 5112 1125 5177 glottis
1143 5111 1235 5167 hostes
1249 5120 1328 5165 vocal
1344 5129 1351 5164 ι
1367 5116 1442 5168 κοινοὶ
1459 5136 1524 5175 τινες
1542 5115 1653 5186 πολέμιοι
1666 5127 1711 5180 τῆς
1726 5125 1829 5193 χώρας,

1039 5180 1104 5251 ἅπερ
1117 5184 1160 5235 οὐκ
1173 5184 1298 5254 ἐξήνεγκεν
1313 5184 1328 5240 ri
1342 5190 1385 5254 psi,
1403 5189 1486 5238 ταῦτα
1497 5188 1555 5244 scic
1566 5191 1694 5258 γεωργοὺς
1705 5192 1828 5269 ricapec-

1038 5250 1148 5319 ripsvoa.
1173 5248 1327 5305 Puteolanis
1351 5252 1433 5305 semel
1455 5268 1507 5307 can
1522 5254 1672 5310 annaliorum
1694 5256 1792 5315 donata
1814 5258 1832 5316 ‘i

1039 5321 1217 5390 Symmachus
1231 5322 1277 5375 lib.
1294 5338 1311 5381 r,
1325 5326 1403 5391 epist.
1415 5320 1460 5375 de.
1477 5322 1511 5375 Et
1524 5321 1684 5383 Publicanos
1696 5333 1831 5387 remissio·

1039 5406 1100 5444 nm
1125 5398 1246 5459 petentes
1269 5391 1347 5445 tertia
1372 5393 1503 5446 mercedis
1530 5402 1605 5462 parte
1626 5396 1756 5454 relevavit
1773 5396 1827 5457 lul.

1038 5459 1135 5524 Caesar,
1144 5469 1253 5514 auctore
1267 5459 1380 5515 Straton.
1396 5459 1454 5514 lluc
1467 5463 1656 5530 pertinendi,
1671 5465 1724 5523 Sed
1737 5470 1829 5538 addes,

1039 5529 1053 5601 g
1068 5531 1106 5583 nir
1117 5530 1210 5600 major,
1226 5528 1256 5583 D.
1270 5530 1360 5596 locati,
1374 5539 1400 5582 rt
1413 5530 1456 5584 lib.
1470 5546 1504 5596 rr,
1521 5533 1598 5601 epist.
1611 5535 1636 5600 7,
1651 5536 1725 5608 inin,
1735 5548 1831 5610 etqnte

1038 5597 1178 5653 abertate
1193 5600 1218 5652 in
1233 5599 1303 5653 banc
1322 5601 1482 5655 sententiam
1503 5603 1679 5669 disseruntur,
1697 5609 1722 5663 in
1746 5610 1764 5665 l.
1786 5611 1829 5679 ll,

1039 5668 1144 5737 Cotem,
1162 5668 1176 5741 i
1193 5668 1272 5724 ulti)
1291 5668 1325 5725 de
1338 5670 1436 5740 public.
1449 5677 1829 5739 vectneonmissrmne.
