4059 6184
132 349 135 354 ·
174 329 238 383 lilii
786 317 819 371 bi.
841 313 978 371 tuuuttt
997 308 1199 367 cusslmtttttt
1739 294 1811 354 ltdb

174 435 236 503 dici,
256 434 379 504 quoniam
407 431 557 500 legentibus
580 436 706 498 poterunt
726 423 850 480 indicari.
879 422 1000 493 luitura
1330 410 1441 467 CAPUT
1463 409 1493 464 i'.

174 539 233 580 curn
246 524 318 578 clero
330 518 512 576 tamtummodo
522 526 595 574 esset
604 516 737 577 inlensus,
751 513 966 568 machinationes
1118 508 1157 563 De
1171 508 1332 562 conversione
1344 503 1495 558 Celtiberum
1511 516 1555 570 per
1569 499 1708 554 docuntur.

168 628 268 670 conta
282 627 342 668 cum
356 626 410 664 non
431 606 540 663 omnino
554 606 704 659 caluerunt.
722 604 789 657 Dum
804 617 869 657 tero
882 600 963 655 etiam
1053 601 1152 654 iidem
1173 598 1252 669 igitur
1272 598 1353 653 etiam
1376 593 1503 663 populum
1525 590 1688 646 celticorum
1705 588 1811 645 Arianis

173 705 458 774 plurimosproccrum
474 699 616 768 objurgare
636 696 770 763 cupisset,
786 703 850 747 tune
864 690 964 745 insidia
1011 691 1119 765 ¹retibus
1141 690 1303 757 loqtteatum,
1318 692 1346 738 ct
1368 682 1488 752 cogitans
1509 678 1543 736 do
1563 693 1657 736 eorum
1681 678 1811 748 capienda

175 805 267 851 contra
283 808 344 850 eum
363 791 448 860 major
468 803 581 845 accensa
604 798 656 854 est.
673 786 705 841 Et
719 785 828 856 quidem
852 782 964 852 plurima
1017 783 1115 849 salute,
1127 779 1268 834 consilinm
1283 774 1434 845 hujusmodi
1448 772 1597 846 uenationis
1610 771 1722 826 inuenit.
1733 771 1812 841 Ejus

174 887 341 947 dicebantur,
356 883 439 938 multa
462 895 567 951 quotpte
589 878 722 934 iaciebant
743 873 914 930 audientibus
934 874 967 927 li·
1016 875 1078 929 dem
1094 886 1209 940 nantrpuo
1222 870 1319 938 lingum
1334 861 1515 937 presbiteros,
1536 864 1665 920 diaconos
1678 873 1757 935 atque
1771 864 1810 919 lc-

176 979 249 1034 dem.
263 976 414 1040 Socnarrs,
429 971 474 1026 tit.
490 987 526 1034 rt,
542 986 601 1034 cop.
614 968 641 1030 i.
658 985 686 1037 p.
701 965 763 1019 bill.
1016 973 1105 1030 mores
1121 961 1194 1026 iecit,
1208 968 1235 1015 et
1249 974 1328 1013 unam
1344 957 1384 1012 eis
1398 957 1540 1012 ecclesam
1556 955 1640 1011 dedit.
1654 954 1711 1023 Qua
1731 970 1811 1010 ncca-

1018 1057 1094 1111 sione
1104 1056 1202 1108 multos
1214 1064 1308 1105 corum
1321 1046 1403 1117 cepit,
1412 1046 1474 1100 dum
1487 1055 1515 1100 et
1527 1046 1586 1114 ipse
1595 1045 1747 1115 frequenter
1757 1044 1814 1100 illie

1019 1148 1080 1213 iret,
1096 1153 1123 1199 et
1145 1158 1192 1213 per
1217 1141 1391 1209 interpretem
1413 1135 1543 1192 Celticum
1564 1135 1668 1191 diuinas
1685 1135 1814 1192 lectiones

1019 1244 1175 1309 etponcret.
1192 1234 1254 1289 lhne
1269 1248 1333 1303 crgo
1349 1233 1417 1288 iutra
1433 1230 1566 1286 ciuitatem
1590 1230 1686 1285 crebro
1701 1228 1811 1295 iaciens,

924 1388 930 1398 ,
945 1388 950 1399 ,
1021 1339 1047 1384 ct
1064 1327 1190 1395 plurimos
1209 1324 1267 1395 ejus
1281 1324 1370 1394 gentis
1386 1321 1546 1378 orianorum
1559 1319 1592 1375 ad
1607 1319 1750 1389 apostolica
1764 1318 1814 1374 dn·

213 1400 280 1468 ΕΜ
306 1397 523 1467 def⁰ss²¹3⁰¹¹3b³¹⁵
549 1394 624 1450 ‘¹⁰⁶1‘
652 1397 824 1462 ⁸¹¹ssm⁰¹¹¹¹¹¹¹¹
859 1387 969 1489 &⁰¹⁰⁸st
1022 1429 1110 1491 gmma
1130 1415 1273 1473 rerocavit.
1287 1412 1363 1482 Apud
1385 1412 1499 1484 Scythas
1513 1419 1602 1466 autent
1618 1412 1724 1483 quidam
1738 1421 1815 1466 erant

180 1502 272 1544 contra
289 1488 444 1557 Eutropium
458 1495 520 1541 tunc
538 1485 652 1553 prolata.
669 1481 813 1549 Eutropius
832 1493 904 1533 emm
924 1492 971 1531 eu·
1021 1508 1183 1564 desiderium
1195 1504 1288 1559 salmis
1301 1503 1440 1568 habentes,
1452 1516 1568 1571 quonon
1584 1510 1707 1571 pomam
1719 1515 1815 1571 pem·

182 1580 285 1648 nuchus
309 1579 467 1649 propositus
486 1579 667 1643 inperatoris,
688 1581 715 1648 el
729 1572 831 1627 habens
850 1569 971 1625 consulis
1023 1599 1090 1653 nise·
1103 1597 1178 1665 Quod
1193 1592 1694 1663 joannesagnosce„3·quae33,5,„ifffi
1707 1601 1815 1660 amm„

118 1731 121 1738 ·
180 1671 350 1740 digniffiem‘
363 1668 457 1724 *⁰¹e¹¹⁸
481 1671 507 1723 ⁵⁰
526 1664 683 1736 quib¹¹⁸d³¹¹¹
697 1663 730 1718 ³²¹
746 1661 886 1717 ‘mmmm
898 1659 971 1714 ‘⁰¹¹¹'
1024 1691 1074 1745 lico
1089 1689 1147 1744 rulo
1162 1686 1306 1752 ferventes,
1319 1697 1420 1753 eosque
1433 1683 1542 1747 direxit,
1557 1688 1585 1738 et
1599 1682 1813 1738 desiderantibus

180 1761 314 1832 pientibus
334 1759 480 1826 uindicare,
494 1758 594 1814 studuit
612 1760 646 1811 ab
660 1753 866 1825 imperatoribus
884 1752 969 1821 lupum
985 1776 1117 1860 Rapum
1132 1774 1243 1846 “rapam
1259 1771 1431 1826 mmmm
1447 1771 1503 1840 330
1516 1778 1604 1826 amm,
1619 1770 1698 1825 epam
1712 1770 1817 1827 'mem
1831 1778 1854 1841 ψ’

183 1851 389 1922 ponip'obcmcrn
402 1861 431 1905 ut
447 1850 536 1905 nullus
548 1849 581 1905 ad
597 1850 726 1905 ecclesias
735 1848 902 1919 conluceret,
917 1848 971 1901 imo
1022 1870 1082 1938 ejus
1095 1866 1147 1937 ,θεῖ
1165 1865 1198 1919 ,p
1214 1863 1354 1919 Leontium
1369 1861 1482 1933 mm
1494 1860 1647 1929 ,πωπω
1657 1860 1750 1930 quibu,
1771 1861 1815 1916 pn,

182 1945 226 2013 uui
240 1943 340 1999 dudum
355 1941 517 2010 refugeram,
531 1943 712 1997 traherentur.
726 1939 777 1996 Sed
790 1941 836 1996 Dei
851 1949 974 2013 secutum
1022 1958 1122 2015 dimi,
1135 1956 1250 2027 Scythas
1263 1953 1345 2008 puppe
1357 1965 1502 2008 comm
1516 1950 1544 2005 p„
1559 1959 1648 2006 now,
1664 1950 1812 2019 mium·

478 1119 589 1176 CAPUT
621 1117 666 1173 tt.

180 1217 312 1286 Quomodo
327 1214 465 1283 Eutropius
484 1212 636 1332 propositurus
656 1207 819 1278 imperatoris
837 1204 914 1275 suerit
929 1203 968 1256 int

497 1293 591 1351 terentp
605 1297 645 1334 us.

181 2045 224 2091 cst
243 2043 354 2105 repente
365 2034 507 2105 judiciuin.
525 2035 587 2088 Erat
611 2049 675 2102 ergo
690 2033 823 2103 proposita
840 2033 896 2087 let.
911 2033 974 2086 l‘ost

184 2142 282 2194 pancos
299 2141 361 2181 tero
375 2125 434 2180 dies
449 2109 579 2194 cumipse
595 2123 739 2192 Eutropius
754 2121 908 2177 offendisset
922 2121 973 2175 im·

185 2226 348 2287 portitorem,
363 2217 432 2272 inter
445 2216 551 2286 refugas
571 2217 629 2269 c'rat
644 2215 714 2284 apud
733 2215 884 2269 ecclesiam.
910 2211 971 2280 Epi·

184 2324 281 2378 scopus
295 2322 372 2374 vero,
388 2308 516 2377 Eutropio
537 2306 586 2362 suh
609 2306 686 2360 altari
700 2309 816 2374 jacente,
837 2303 974 2372 nimioque

186 2414 313 2469 percusso
328 2400 436 2465 timore,
451 2396 572 2453 residens
586 2412 668 2466 super
678 2397 832 2461 ambonem,
847 2395 890 2454 ubi
905 2395 974 2450 sole·

186 2491 231 2544 but
247 2491 320 2561 prius
333 2497 461 2544 consuete
480 2487 569 2543 ittcere
592 2502 754 2553 sermonem,
775 2487 910 2542 ltomiliatn
935 2485 975 2540 ht·

182 2580 360 2650 crepatoriatu
389 2578 451 2633 iecit
482 2578 610 2633 adsersus
634 2593 708 2634 eum.
740 2577 817 2634 Unde
845 2577 975 2646 plurimos

189 2672 273 2743 tnagis
285 2672 446 2737 ollendehat,
461 2683 493 2726 eo
507 2671 577 2741 quod
594 2670 695 2725 hotnini
716 2670 742 2723 iu
759 2668 914 2728 infelicitate
929 2683 976 2736 po·

187 2764 240 2818 sito
255 2778 310 2818 non
330 2763 416 2817 solnm
433 2761 573 2818 uniscratus
595 2775 648 2816 non
670 2771 721 2830 est,
748 2760 796 2816 sed
822 2759 902 2814 etiam
926 2773 975 2814 uec

187 2854 329 2924 obiurgare
342 2853 497 2909 desisteret.
525 2852 607 2922 igitur
626 2848 755 2919 Eutropii,
773 2858 835 2904 tunc
853 2849 976 2904 consula·

189 2954 231 3001 tus
253 2944 408 3016 dignitatem
433 2944 567 3012 habentis,
584 2951 692 3013 propter
714 2941 836 3012 quadam
851 2940 916 2994 uitia
929 2954 976 2994 ca·

186 3047 236 3107 put
249 3038 395 3108 imperator
406 3034 485 3105 jussit
504 3033 614 3100 anteiri,
629 3043 655 3088 et
676 3048 708 3087 et
730 3031 825 3086 ordine
836 3030 976 3085 consulum

1026 2053 1061 2108 Et
1073 2060 1239 2120 cognoscens
1251 2049 1277 2102 in
1289 2040 1447 2117 quibusdam
1462 2042 1528 2099 vidis
1543 2044 1685 2100 liarcionls
1699 2045 1816 2100 creuisse

1026 2143 1193 2212 languorem,
1205 2138 1313 2209 scripsit
1325 2138 1384 2208 ejus
1399 2137 1451 2193 luci
1464 2136 1616 2208 pastoribus
1630 2145 1660 2190 m
1671 2150 1719 2191 eos
1733 2136 1815 2206 pelle-

1026 2243 1098 2291 rent.
1109 2233 1219 2303 lnsuper
1234 2233 1315 2287 etiam
1329 2230 1457 2300 principis
1475 2244 1523 2299 pro
1543 2229 1593 2285 bac
1606 2243 1685 2284 causa
1701 2229 1814 2298 proferri

1028 2323 1292 2399 petiitsanctionem.
1304 2320 1381 2394 [lico
1397 2321 1488 2377 derunt
1501 2322 1528 2375 itt
1542 2338 1604 2376 ιιιιι.
1616 2322 1742 2374 codicibus
1751 2332 1774 2375 et
1786 2322 1817 2375 irt

1028 2423 1070 2476 ed.
1088 2418 1135 2491 7.]
1147 2417 1224 2487 Quod
1243 2416 1323 2487 igitur
1336 2414 1509 2471 ecclesiarum
1524 2428 1613 2468 curam
1630 2413 1656 2467 in
1668 2413 1756 2467 animo
1768 2411 1816 2465 ha·

1026 2510 1116 2566 buerit
1130 2508 1276 2565 secundum
1291 2505 1410 2561 ditinum
1429 2505 1596 2575 Apostolum,
1611 2503 1675 2559 satis
1690 2503 1747 2560 boc
1765 2502 1816 2557 do-

1025 2602 1141 2656 cuerint.
1154 2598 1230 2672 [Erre
1242 2606 1327 2651 cratem
1338 2596 1430 2650 dosunt
1445 2597 1471 2649 ln
1486 2596 1549 2651 edit.
1565 2593 1672 2666 Valerii]
1685 2593 1759 2649 Licet
1772 2608 1819 2647 atr-

1027 2701 1081 2746 tcm
1095 2691 1175 2746 ctiam
1189 2690 1296 2744 aliunde
1309 2687 1379 2742 illins
1394 2687 1544 2743 libertatem
1560 2686 1717 2758 intelligere.
1730 2686 1818 2741 Toco-

1027 2795 1154 2852 oourrus,
1166 2781 1211 2836 lib.
1226 2794 1255 2846 r,
1266 2795 1323 2851 cup.
1336 2777 1381 2847 50,
1395 2795 1421 2851 p.
1434 2777 1498 2835 256.

1311 2932 1447 3007 *caput
1467 2932 1510 2987 l'l.

1089 3026 1127 3081 lle
1141 3025 1226 3082 Goion
1240 3026 1363 3098 mopistro
1379 3023 1487 3079 militum
1502 3024 1606 3094 ejusque
1618 3020 1762 3075 rebellione.

189 3132 246 3202 eiu
260 3145 356 3185 noum
372 3130 477 3198 peritus
489 3128 611 3197 abussi
623 3128 685 3197 (Ar-
701 3125 776 3180 θοι·
792 3123 865 3195 5⁹9)-
878 3124 1015 3223 uuam-c
1065 3136 1163 3192 curm
1176 3135 1281 3206 qurum
1296 3150 1396 3206 ponere
1411 3133 1540 3200 cettteus,
1553 3131 1666 3190 cunstttu
1681 3133 1822 3198 omniu,

187 3221 280 3276 obrem
306 3219 439 3273 Tltcodori
464 3216 647 3285 solummodo,
672 3219 715 3286 qui
741 3230 802 3270 cum
830 3228 864 3270 eo
885 3212 979 3269 consul
1030 3227 1120 3284 ,empto
1135 3227 1615 3298 15„me,eppmemepeppumo
1630 3235 1822 3294 mmmmm

192 3312 250 3377 luit,
266 3324 363 3364 nomen
377 3307 459 3381 355
473 3307 617 3376 ascriptum
638 3316 689 3362 est.
709 3306 761 3360 l'ro
774 3304 888 3361 diversis
901 3302 981 3375 igitur

190 3402 280 3458 causis
294 3400 391 3455 nrultos
407 3399 504 3469 stopius
519 3396 678 3451 fiducialiter
695 3394 863 3467 objurgabat,
879 3405 906 3449 et
920 3400 980 3462 piu·

191 3495 266 3551 rimis
288 3503 345 3550 erat
364 3494 482 3549 odiosus.
500 3492 576 3548 Unde
588 3490 764 3561 Theophilus,
789 3489 979 3545 Alexandrina

192 3587 309 3643 ciuitatis
335 3589 489 3658 episcopus,
514 3600 574 3641 mox
591 3595 650 3656 post
665 3584 860 3642 ordinationem
885 3596 982 3637 causas

191 3677 251 3748 ejus
264 3678 423 3748 deiectionis
434 3673 584 3748 inquisivit,
596 3685 623 3732 et
634 3675 791 3746 qtttbrudam
806 3676 982 3745 praesentibus

192 3772 227 3826 de
238 3784 270 3824 οο
284 3770 398 3825 latenter
418 3768 622 3840 obloquebatur,
638 3766 729 3822 multis
746 3767 826 3823 etiam
842 3765 920 3836 longe
934 3780 982 3835 po·

193 3865 252 3919 sitis
266 3861 410 3918 scribebat.
431 3860 643 3919 Contristabitur
659 3861 730 3915 enirn
752 3873 805 3914 non
828 3858 914 3910 solunt
937 3870 983 3925 pto

193 3955 289 4009 ltducia
303 3952 431 4019 loannis,
446 3950 493 4006 sed
507 3952 568 4021 quia
592 3951 672 4005 etiarn
696 3951 825 4005 isidorum
846 3948 985 4019 prosbyte-

195 4063 254 4101 rutn
275 4061 364 4111 suum,
388 4045 543 4116 episcopum
565 4043 834 4112 Cotrsctntinopoleos
857 4043 985 4099 ordinare

194 4152 247 4192 non
262 4135 354 4191 ualuit.
366 4135 514 4201 Secutum,
527 4133 573 4189 tit.
588 4151 623 4201 rt,
640 4150 697 4203 cop.
711 4135 739 4198 5,
752 4151 779 4201 p.
795 4130 858 4187 304.

230 4227 418 4285 Sacerdotibus
432 4226 513 4298 igitur
525 4226 641 4282 loannes
652 4226 796 4295 episcopus
812 4223 984 4292 supplicabat

195 4327 226 4372 nt
239 4316 385 4374 secundum
398 4316 594 4372 ecclesiasticas
608 4317 730 4371 uiuerent
743 4314 908 4382 sanctiones,
920 4331 986 4386 onas

195 4411 345 4478 quicunque
358 4408 524 4479 praevaricari
538 4418 796 4477 praesunrerent,eos
809 4409 842 4463 ad
857 4411 985 4478 templum

1031 3329 1104 3378 esset
1125 3321 1253 3392 magister
1273 3320 1398 3386 militum,
1414 3320 1512 3375 multos
1532 3333 1588 3375 suo
1610 3317 1707 3389 gentis,
1725 3319 1823 3371 multos

1031 3414 1111 3468 otiam
1127 3411 1308 3467 Romanorum
1322 3412 1372 3466 tub
1385 3426 1434 3466 suo
1446 3409 1600 3479 magisterio
1614 3408 1724 3474 habens,
1738 3418 1826 3463 terro·

1032 3519 1091 3561 retu
1107 3503 1240 3575 plurimis,
1250 3503 1331 3559 etiarn
1347 3501 1397 3574 ipsi
1413 3501 1538 3573 principi,
1549 3500 1721 3556 meditatione
1734 3507 1828 3569 tyrun-

1033 3596 1102 3652 nidis
1118 3595 1262 3661 inlercbtt;
1278 3603 1388 3664 eratque
1403 3594 1528 3649 arianus.
1545 3592 1568 3648 ls
1581 3606 1646 3663 ergo
1658 3591 1761 3660 rogauit
1773 3589 1825 3644 im-

1034 3696 1185 3758 peratorem
1206 3697 1235 3742 m
1259 3688 1328 3742 intra
1350 3685 1485 3741 civitatem
1507 3684 1530 3740 ei
1554 3698 1632 3739 urnam
1649 3682 1826 3738 daretoccle-

1034 3778 1113 3834 siant.
1129 3779 1165 3834 tlt
1177 3778 1222 3834 ille
1235 3794 1297 3834 cum
1313 3792 1343 3832 se
1361 3777 1465 3847 placare
1478 3775 1608 3846 promisit.
1623 3775 1697 3829 Tunc
1709 3788 1826 3828 evocans

1034 3871 1175 3934 doctorem,
1194 3869 1273 3938 eique
1292 3867 1437 3937 potentiam
1456 3865 1535 3932 illius,
1557 3864 1763 3933 meditatamque
1783 3869 1827 3932 ty·

1035 3961 1174 4016 rannidom
1187 3959 1291 4026 dicens,
1302 3958 1409 4029 petebat
1420 3970 1450 4014 ut
1462 3958 1523 4013 data
1537 3957 1651 4013 ecclesia
1673 3957 1731 4024 ejus
1743 3955 1827 4020 retre-

1037 4063 1110 4108 noret
1130 4052 1316 4107 intentionem.
1329 4049 1364 4104 At
1382 4049 1427 4105 ille
1442 4050 1539 4105 virtute
1554 4047 1714 4105 fortissimus
1732 4044 1828 4110 :Noli,

1039 4144 1136 4214 iuquit,
1151 4158 1166 4199 ο
1180 4144 1335 4213 imperator,
1350 4140 1408 4198 hac
1427 4142 1592 4213 promittere,
1607 4155 1694 4210 neque
1706 4147 1829 4194 sanctum

1038 4234 1152 4289 canibus
1166 4234 1241 4290 dare.
1254 4232 1312 4288 Non
1325 4232 1395 4287 enim
1409 4240 1501 4303 potero
1513 4231 1567 4286 lieo
1577 4229 1765 4285 benedicentes
1779 4243 1829 4283 ex·

1038 4327 1148 4394 pellere,
1160 4335 1186 4381 et
1196 4333 1315 4380 sanctum
1331 4327 1459 4393 templum
1472 4321 1717 4392 blasphemantibus
1731 4318 1830 4389 iniuste

1038 4415 1205 4471 contradere.
1223 4414 1315 4484 Neque
1330 4414 1402 4469 ltunc
1422 4415 1563 4468 barbarum
1585 4420 1699 4481 metuas,
1713 4411 1830 4482 impera-

197 4500 354 4569 prohibebat
372 4501 511 4558 accedere.
533 4500 641 4557 Dicebat
659 4500 732 4556 ettinr
757 4501 818 4571 quta
837 4516 887 4556 nec
907 4501 987 4557 debo-
1000 4520 1026 4581 [p
1039 4515 1095 4571 tor;
1111 4505 1157 4561 sed
1174 4506 1267 4561 ambos
1283 4518 1332 4560 nos
1344 4505 1409 4573 iube
1423 4504 1522 4569 uocari,
1538 4513 1563 4559 et
1576 4502 1627 4559 s'ub
1641 4504 1747 4558 silentio
1760 4504 1832 4557 imcr

195 4603 255 4649 rent
266 4591 318 4646 irui
333 4591 436 4647 horrore
447 4592 592 4647 sacerdotii
605 4592 649 4663 qui
665 4609 757 4648 eorum
770 4591 850 4648 uitam
865 4601 984 4648 contem-

195 4693 292 4741 nerent
305 4684 414 4741 imitari.
430 4686 486 4740 h'on
507 4686 595 4740 solnm
615 4687 686 4741 enim
702 4686 895 4756 prouidentiam
910 4685 984 4738 urbis

193 4778 462 4848 constantinopoleos
486 4778 610 4842 habebat,
624 4778 671 4832 sed
694 4779 775 4833 etiam
799 4776 883 4833 totius
900 4777 985 4830 Thra·

196 4871 256 4936 rias,
270 4885 329 4942 quae
346 4883 392 4925 sot
410 4872 553 4941 prouinciis
574 4884 614 4926 est
633 4871 727 4934 diuisa,
744 4878 772 4926 ot
786 4886 845 4940 pute
861 4868 984 4924 undecim

195 4962 467 5018 administrationibus
479 4963 659 5031 dispensatur.
672 4962 719 5017 llis
732 4961 833 5028 legibus
846 4962 986 5017 ordinabat

196 5055 275 5109 etiam
291 5055 427 5109 Ponticam
438 5055 585 5124 regionem,
596 5068 655 5124 quae
670 5052 779 5108 totidem
793 5053 927 5122 iudicibus
939 5068 984 5122 grt-

196 5147 301 5203 tternari
316 5147 490 5218 dignoscitur.
502 5147 620 5217 t'uuquo
633 5147 804 5218 otguortsset
817 5148 843 5201 in
858 5147 985 5202 Phoenice

196 5237 284 5293 adbuc
299 5238 466 5294 dromonibus
485 5238 614 5304 sacrillcia
635 5238 790 5305 ministrari,
806 5239 908 5295 electos
930 5255 986 5292 tno·

196 5329 297 5383 bachas
308 5337 337 5384 et
345 5328 527 5397 imperialibus
539 5328 720 5384 statutionibus
732 5340 884 5383 coarmatos
897 5328 988 5386 adrer-

195 5431 243 5474 sus
264 5418 380 5475 cultores
402 5419 548 5475 destinauit
571 5420 702 5477 idolorum
734 5438 741 5474 ι
771 5421 838 5476 dans
861 5423 987 5490 pecunius

197 5511 355 5580 templorum
378 5510 588 5568 destructoribus
602 5513 761 5584 erogandas,
775 5527 827 5566 non
841 5528 875 5566 et
892 5513 987 5567 aerario

197 5601 313 5668 publico,
338 5603 385 5658 scd
404 5616 471 5673 quas
488 5618 503 5659 a
525 5603 688 5660 tidelissirnls
707 5605 862 5661 mulieribus
882 5604 986 5660 oblatas

196 5699 292 5829 spopte
314 5692 483 5762 percipiebat.
504 5694 714 5766 Tucooontrrus,
737 5695 781 5750 ut.
805 5703 841 5764 r,
855 5712 913 5765 cup.
935 5695 986 5757 ⁸28,

199 5793 227 5841 p.
241 5776 304 5830 ⁸55.

1037 4611 1087 4650 nos
1097 4611 1159 4666 quie
1170 4595 1295 4650 dicuntur
1305 4595 1376 4650 audi.
1388 4596 1443 4666 Ego
1457 4609 1570 4664 namque
1584 4595 1699 4665 linptttm
1711 4594 1780 4650 illius
1791 4594 1832 4650 sic

1039 4688 1200 4755 iuuabunt
1214 4701 1266 4742 non
1280 4696 1424 4755 presumat
1437 4699 1526 4755 petere
1538 4701 1597 4756 qrrae
1611 4686 1669 4742 dari
1683 4701 1735 4741 non
1750 4702 1833 4756 etpe-

1038 4777 1087 4832 dit.
1099 4778 1154 4833 lloc
1167 4777 1278 4832 audiens
1298 4779 1442 4846 imperator
1463 4777 1571 4847 gavisus
1583 4786 1636 4854 est,
1648 4785 1676 4831 et
1690 4785 1833 4849 utrumque

1038 4871 1122 4926 altera
1137 4870 1180 4926 die
1196 4871 1310 4928 vocarit.
1325 4871 1400 4926 Tunc
1415 4870 1515 4926 Gainas
1528 4871 1683 4940 petitionem
1697 4888 1771 4928 suam
1785 4888 1834 4943 po-

1038 4964 1144 5030 scebam
1159 4964 1275 5019 loannes
1288 4962 1498 5028 cuttlradieebat,
1513 4963 1605 5019 diceus
1617 4981 1624 5016 :
1638 4963 1695 5019 Non
1710 4966 1772 5020 licet
1784 4967 1833 5021 im-

1041 5054 1158 5126 peraturi
1172 5056 1300 5124 pietatem
1314 5052 1475 5108 custodienti
1495 5054 1594 5123 alicuid
1605 5065 1697 5110 contra
1709 5054 1833 5111 mandata

1040 5145 1130 5201 tulna
1154 5159 1325 5215 praesumere.
1348 5142 1469 5215 Cumque
1504 5145 1679 5215 responderet
1700 5146 1745 5202 ilie
1771 5149 1833 5215 unia

1040 5238 1186 5292 oratorium
1200 5245 1227 5291 et
1241 5236 1297 5304 ipse
1312 5235 1411 5291 habere
1425 5237 1550 5301 deberet,
1565 5236 1681 5292 Joatrncs
1696 5239 1753 5293 ait:
1770 5238 1835 5294 ilbi-

1040 5342 1092 5396 que
1115 5325 1162 5380 tihi
1185 5326 1272 5380 diuina
1288 5326 1383 5379 domus
1396 5335 1486 5396 aperta
1502 5337 1552 5392 est,
1566 5336 1593 5382 et
1607 5329 1694 5384 nullus
1715 5338 1741 5384 te
1763 5338 1833 5384 retal

1041 5435 1128 5473 orare.
1144 5419 1177 5472 ht
1191 5418 1235 5472 illc
1257 5434 1265 5473 a
1286 5418 1338 5473 Sed
1354 5434 1415 5489 ego,
1434 5420 1527 5490 inquit,
1542 5419 1653 5474 alterins
1667 5430 1747 5475 selec
1760 5435 1830 5488 sunu,

1039 5520 1141 5566 etcum
1160 5509 1225 5563 oreis
1240 5523 1322 5562 mmm
1336 5510 1464 5578 templum
1481 5509 1580 5566 habere
1594 5511 1719 5580 deposco.
1736 5511 1834 5567 linitos

1040 5602 1113 5657 enim
1128 5612 1176 5669 pro
1189 5598 1306 5654 Romana
1322 5599 1456 5669 republica
1471 5602 1575 5656 laboret
1589 5602 1731 5672 assumpsi,
1741 5611 1767 5657 et
1778 5619 1833 5658 nort

1042 5691 1128 5746 debeo
1143 5690 1169 5742 in
1186 5704 1244 5743 moa
1259 5690 1386 5760 petitione
1398 5692 1541 5746 contemni.
1555 5692 1605 5747 Cui
1619 5692 1734 5748 loannes
1749 5710 1755 5746 ε
1772 5693 1832 5746 Plu-

1044 5784 1120 5849 rima,
1134 5781 1229 5851 inquit,
1242 5782 1361 5850 primulo,
1378 5793 1404 5840 et
1427 5798 1486 5853 tpnae
1508 5787 1698 5839 transcendunt
1713 5796 1756 5840 tuo
1771 5799 1832 5840 ccr-
