4059 6184
166 295 236 353 tte·
612 288 679 347 l‘tttt
699 287 922 348 insultatione
942 286 1049 344 t'tttttt
1070 285 1327 344 tatttt'blttht‘tt.
1755 287 1809 342 iil)

163 411 197 465 sd
213 410 275 464 idei
290 421 385 464 eartsas
399 409 525 479 pertinet,
546 406 573 464 id
588 418 639 476 cst,
653 408 725 479 quod
741 407 850 462 Patrum
866 405 957 472 itdcm,
973 407 996 466 Λ
1010 415 1034 457 et
1057 405 1110 474 ipse
1132 405 1167 458 nd
1186 405 1390 474 satisfactionem
1405 420 1495 460 eornm
1507 419 1566 474 aare
1585 394 1723 476 [tartede
1737 401 1806 472 hlei

163 510 195 556 ut
207 508 380 556 accusatores
398 498 534 564 dixerant,
560 499 718 568 impugnare
737 497 885 560 uideretur,
908 495 958 549 nisi
1011 493 1061 549 ieri
1084 494 1153 548 dieta
1168 495 1272 567 {arraret
1293 496 1389 565 capitit,
1410 511 1443 550 ea
1462 496 1558 566 scripta
1577 495 1715 567 donemini
1731 499 1809 550 sentit

163 592 217 648 hoe
229 589 417 646 tantummodo
431 591 466 644 ab
478 590 518 644 eis
532 588 669 644 accusatio
682 587 791 660 scriptis
805 585 895 640 oblata
908 599 959 638 no·
1010 586 1050 639 aei
1062 587 1130 655 sopit
1143 586 1175 639 eie
1188 588 1232 653 pio
1250 594 1337 640 anostra
1362 587 1430 656 pide·
1454 585 1523 659 quod
1537 594 1561 639 et
1576 587 1647 659 [erit.
1664 585 1707 641 Ea
1725 586 1807 641 obtin·

163 682 249 737 scitur
261 680 403 736 cttntinere
416 681 479 750 quia
500 680 610 734 beatum
625 676 756 751 Cyriiiuur
771 676 890 747 appellat
904 674 960 729 bae-
1011 679 1103 732 dantia
1125 689 1212 732 atttettt
1239 680 1379 749 praedictos
1393 680 1612 733 reverentissimos
1632 680 1671 734 rir
1690 679 1808 749 prontisit

164 773 290 842 retieum,
311 781 339 827 et
362 773 400 827 ob
423 772 476 828 hec
497 771 673 826 Nestorianus
697 784 759 826 esse
782 775 958 823 monstratur.
1010 781 1036 826 et
1060 772 1087 826 in
1102 787 1156 825 aaa
1170 770 1254 843 eloqui
1277 772 1388 826 ciuitatis
1406 771 1514 826 eccieda
1537 780 1563 838 et
1582 772 1718 843 manifeste
1739 788 1807 825 ana-

164 865 203 921 ita
218 866 292 921 enim
305 863 390 921 dicit:
417 862 488 930 Quis
500 861 676 918 Nestorianas
689 870 738 926 est,
753 870 778 915 et
794 859 895 916 beatam
910 857 961 931 Cp·
1012 861 1180 916 thematiaare
1199 861 1323 932 moiipna
1339 860 1478 932 impietatis
1494 861 1637 932 principem
1658 858 1809 915 Nestorium

164 956 254 1012 riiiustt
276 957 425 1029 episcopan
447 956 594 1012 iroeretienm
618 953 760 1025 oppeiiot,·
785 953 856 1023 quod
881 952 908 1007 in
930 966 960 1007 se
1010 960 1037 1006 et
1049 968 1092 1007 eos
1109 952 1151 1023 ptri
1162 952 1228 1005 sicrtt
1240 950 1284 1004 iiie
1304 952 1417 1019 sapiunt,
1432 959 1457 1004 et
1471 950 1515 1023 ani
1528 953 1566 1005 aei
1576 950 1649 1005 libris
1659 949 1698 1005 nri
1712 951 1809 1006 rodici-
1831 959 1834 964 ’

164 1050 395 1119 maximequauad
407 1049 500 1104 ilarim
511 1047 620 1104 Persam
632 1047 733 1116 scripta
748 1044 960 1114 legiturcsrtom
1011 1040 1058 1096 ins
1077 1042 1132 1114 ejus
1151 1051 1268 1096 ntuntnr.
1283 1038 1422 1114 Cairiessns
1441 1049 1479 1096 est
1497 1052 1582 1096 entem
1600 1044 1637 1096 sir
1657 1058 1685 1098 se
1706 1043 1809 1096 eredere

164 1148 208 1196 est
220 1140 365 1211 epistolam
377 1139 529 1196 continere.
545 1137 677 1206 erlqtte
687 1135 779 1192 statim
789 1133 896 1204 jndices
909 1147 961 1205 pro
1010 1137 1078 1190 sieut
1087 1135 1320 1190 continentiittere
1326 1145 1512 1206 praeroderent
1521 1135 1589 1189 inter
1599 1135 1809 1190 reverentissima

165 1230 241 1301 prasi
265 1230 400 1287 hereseos
422 1230 522 1285 dictum
546 1227 667 1301 pondere
690 1241 720 1282 se
745 1226 896 1297 suscepisse
911 1240 960 1280 sua
1010 1226 1220 1281 etsanrtissirnoe
1230 1225 1503 1281 memorieioannem
1522 1241 1626 1296 manne
1645 1226 1810 1281 dntioehenre

165 1323 378 1382 irtteriooutious
402 1321 492 1377 testati
517 1328 581 1377 sunt
607 1318 729 1375 dieotdes
744 1319 781 1373 ita
807 1319 876 1390 (det.
889 1315 933 1386 iii)
951 1333 958 1368 :
1010 1313 1125 1370 ciuitatis
1139 1316 1285 1386 episcopam
1309 1322 1334 1368 et
1349 1310 1474 1385 Cpriiiam
1488 1315 1610 1369 manime
1623 1314 1810 1369 Alexandrina

165 1415 280 1482 aeman
294 1414 442 1489 oiiorpatio
456 1414 598 1485 copitmum
609 1414 736 1483 sequitur,
751 1413 846 1466 animo
859 1410 960 1482 perion-
1010 1423 1068 1460 mtnt
1082 1407 1193 1462 ciuitatis
1211 1407 1368 1477 episcopam,
1385 1405 1477 1478 quibus
1491 1406 1647 1460 ministravit
1661 1405 1742 1464 beate
1760 1423 1808 1460 nrn

162 1506 219 1561 hm
232 1507 328 1579 smmis,
350 1504 510 1575 mprriiunm
524 1501 675 1573 indicamus
694 1501 891 1572 inquisitionem
902 1500 960 1570 fieri
1010 1500 1102 1556 nmrioe
1114 1499 1212 1555 i'auins
1227 1497 1409 1553 Emesinornm
1429 1498 1541 1553 ciuitatis
1553 1499 1697 1569 episeopus,
1709 1513 1742 1551 es
1754 1500 1812 1570 pei·

162 1607 327 1653 remmam.
342 1593 408 1661 Qna
419 1595 500 1667 ipimr
513 1594 652 1666 mortifere
661 1592 761 1648 indicta
774 1599 836 1647 sant
845 1599 870 1646 et
882 1607 961 1647 corto·
1010 1589 1058 1648 iss
1071 1592 1225 1649 nrtitersoiis
1236 1608 1377 1648 consensio
1389 1591 1507 1663 spiritur.
1523 1590 1676 1647 Consentire
1688 1601 1773 1645 antean
1786 1605 1811 1644 rt

160 1688 240 1743 tribas
253 1696 279 1743 et
288 1685 397 1759 ionibus,
409 1698 433 1742 et
443 1693 502 1741 snat
512 1694 600 1756 operte
609 1683 701 1739 ariiosa
712 1682 794 1736 ileum
800 1680 959 1749 timentibus,
1010 1684 1039 1740 itt
1048 1682 1166 1741 omnibns
1176 1699 1234 1756 pue
1250 1699 1332 1754 nopes
1345 1691 1417 1755 qesta
1432 1693 1494 1738 sont
1507 1702 1523 1738 a
1542 1692 1633 1738 sancta
1643 1681 1742 1755 synodo
1754 1700 1812 1755 aaa

158 1778 220 1835 taee
231 1778 319 1852 stipite
332 1778 452 1850 primitus
461 1777 534 1831 ethis
545 1778 651 1831 instate.
670 1773 779 1829 i'irietnr
789 1782 875 1829 antem
884 1772 959 1831 nobis
976 1783 996 1841 Β
1010 1776 1129 1830 conuenit
1140 1775 1167 1829 in
1178 1776 1250 1847 sepia
1261 1783 1286 1829 et
1297 1772 1448 1829 Christiano
1462 1773 1685 1844 Constantinopoli
1698 1774 1810 1839 sinitote,

158 1869 218 1925 itte
231 1886 289 1924 esse
301 1870 411 1941 intepra,
429 1868 513 1938 primo
526 1865 629 1937 attidem
640 1874 717 1920 reeta
727 1880 785 1919 esse
795 1863 858 1934 fidei
876 1880 956 1936 opor·
1001 1866 1198 1940 inhorrentem
1208 1867 1298 1922 onmia
1308 1881 1366 1938 ane
1375 1865 1530 1937 placuerunt
1539 1866 1566 1919 in
1578 1864 1710 1937 is'pltcdna
1719 1874 1812 1923 aretio·

158 1971 217 2017 tere
226 1963 272 2034 qtti
284 1960 432 2016 sacerdotio
448 1960 577 2033 saepitur,
592 1967 617 2013 et
630 1958 669 2013 ita
681 1973 738 2013 esse
754 1958 833 2012 totins
847 1953 958 2012 ineante
1008 1957 1126 2029 paiitano
1152 1957 1261 2013 roneiiia
1285 1958 1354 2028 praa
1373 1975 1390 2012 a
1409 1967 1499 2012 saneta
1524 1955 1626 2028 Spiritus
1651 1955 1811 2024 ntareiatnr,

156 2051 283 2120 abeam
298 2061 326 2107 et
338 2059 445 2107 emtore.
1009 2060 1180 2124 opinantem
1190 2051 1248 2105 irnir
1257 2050 1381 2122 pedicare
1392 2047 1576 2123 quoiniiira‘a
1586 2056 1647 2103 strat
1659 2048 1812 2114 eonstitnta,

194 2143 241 2198 lii.
257 2142 322 2211 Quis
341 2156 406 2210 ergo
420 2140 525 2198 dubitet
541 2156 575 2198 ex
589 2156 623 2198 co
634 2139 739 2210 judices
752 2138 900 2212 capitulum
923 2139 957 2195 ad
1007 2151 1033 2196 et
1044 2140 1143 2196 nuliam
1152 2141 1327 2211 differentiam
1337 2141 1463 2196 arbitrari
1474 2140 1530 2211 ejus
1540 2139 1575 2192 oti
1584 2139 1675 2194 olium.
1687 2139 1722 2193 tta
1733 2140 1811 2195 nimis

155 2236 259 2292 animae
273 2235 421 2306 perieulum
436 2235 572 2306 pertinere
585 2234 685 2290 dixisse
704 2242 732 2289 ei
746 2248 779 2290 ex
798 2248 833 2290 eo
845 2246 959 2290 censen·
1007 2234 1064 2306 eins
1076 2234 1240 2288 sanctitatem
1250 2232 1412 2288 iaudaaintas
1422 2232 1491 2304 panti
1502 2248 1584 2304 protae
1595 2232 1707 2302 sapuerit
1719 2247 1812 2305 errrore

154 2327 223 2383 dura
238 2342 294 2382 non
304 2332 387 2384 recia
398 2325 457 2382 iidei
471 2325 638 2383 sacerdotem
650 2326 696 2396 qai
710 2326 819 2381 beatum
829 2323 958 2397 Cprilium
1009 2325 1108 2392 eosqui
1123 2325 1162 2379 nei
1180 2325 1326 2396 suspicione
1340 2327 1378 2379 rei
1392 2325 1445 2379 aiio
1459 2325 1638 2397 pooqrtomario
1651 2323 1706 2396 eius
1729 2325 1810 2380 iode-

155 2417 307 2491 sppeliorit
319 2416 487 2486 haereticum,
502 2432 563 2472 cnm
577 2416 643 2472 nihii
657 2415 728 2472 aiind
746 2416 772 2470 in
787 2416 960 2473 accusatione
1009 2426 1068 2474 rent
1080 2417 1228 2490 opinionem
1241 2418 1377 2484 doctriua,
1391 2426 1419 2472 et
1432 2426 1539 2474 caetera.

156 2517 221 2564 sate
240 2509 314 2566 banc
329 2508 567 2565 interlocutionem
580 2508 749 2580 propositam
762 2508 796 2564 de
813 2508 902 2564 causis
925 2506 959 2563 ad
1046 2509 1091 2566 iii.
1116 2508 1262 2566 Constituti
1286 2510 1367 2579 igitur
1386 2508 1459 2580 qarod
1484 2524 1499 2564 a
1522 2510 1586 2565 viris
1612 2510 1812 2566 uenerabilibus

155 2597 239 2654 hiem
254 2598 451 2670 pertinentibus
464 2598 566 2655 dictum
588 2598 688 2654 sitnisi
702 2598 766 2669 quia
786 2597 961 2654 Nestorianus
1009 2601 1108 2659 Photio
1122 2611 1150 2659 et
1159 2601 1300 2659 Eustathiu
1313 2603 1448 2674 prolatum
1460 2610 1502 2658 est
1517 2611 1610 2659 tenore
1625 2617 1767 2674 perpenso,
1784 2606 1810 2659 in

155 2700 238 2749 estet
249 2692 361 2748 beatum
371 2690 500 2765 Cpriiiora
513 2691 659 2763 appellarit
672 2691 837 2748 haredcum.
851 2689 890 2746 Ex
905 2706 960 2762 quo
1009 2709 1066 2765 quo
1085 2694 1182 2751 dieitur
1195 2694 1316 2750 dontibus
1331 2695 1445 2767 capituto
1461 2694 1664 2759 accusatoribus,
1680 2711 1741 2767 atam
1758 2698 1811 2752 uti·

155 2786 224 2842 satis
238 2792 365 2856 apertum
378 2784 576 2857 estepistoiam
598 2783 740 2840 adiiarim
761 2782 870 2840 Persam
893 2782 958 2839 scri-
1010 2801 1064 2857 que
1079 2786 1149 2854 dari,
1164 2786 1370 2857 sicutsupcrius
1383 2787 1491 2856 iegitur,
1512 2786 1563 2842 nisi
1576 2788 1678 2859 scripto
1699 2789 1811 2844 minime

155 2887 244 2952 ptam,
257 2893 319 2951 puae
334 2861 405 2935 beati
415 2876 507 2951 Cyriiii
522 2878 658 2949 dogmata,
668 2878 765 2949 quibus
777 2893 831 2934 non
845 2890 946 2933 consen
979 2863 983 2870 ’
1010 2867 1168 2952 potuerunt,
1180 2880 1317 2937 insenum
1326 2879 1380 2937 iilic
1392 2880 1585 2937 immissfunem
1595 2880 1724 2937 adsersus
1735 2881 1809 2938 ibam

157 2971 273 3027 tientem
280 2969 433 3026 Nestorium
444 2978 619 3028 canstatesse
628 2968 796 3035 damnatum,
807 2968 961 3027 deliniendo
1011 2972 1170 3043 episcopum
1188 2973 1295 3037 iactam
1308 2971 1380 3041 qttod
1395 2971 1448 3027 alia
1463 2981 1561 3043 prater
1574 2972 1645 3043 pianr
1658 2972 1810 3031 doctrinam

155 3073 241 3120 reetae
250 3061 541 3126 iideiesseaontratia,
550 3062 659 3119 boatum
670 3060 799 3134 Cpriiium
809 3062 960 3135 appellaret
1011 3062 1165 3121 iaceretrei
1180 3065 1301 3133 doceret,
1317 3064 1381 3120 nihii
1401 3064 1473 3120 aliud
1498 3066 1686 3137 pronuntiasse
1704 3067 1810 3137 jndices

156 3153 328 3221 hemmam,
342 3152 377 3208 ab
386 3151 547 3208 adversariis
556 3152 610 3208 ibo
623 3152 754 3224 episcopi,
765 3153 828 3224 quia
838 3151 958 3222 eiusdem
973 3161 996 3224 c
1011 3156 1114 3212 ciarum
1134 3164 1187 3228 est,
1207 3159 1326 3227 negotio,
1341 3166 1370 3214 ut
1385 3158 1434 3228 ipsi
1449 3153 1611 3226 memoranti
1625 3160 1758 3216 subtiliter
1768 3163 1809 3217 in'·

155 3241 961 3315 ibeiuedsuuiiumodaeomprobatam,neeeumdemibam
1012 3246 1124 3318 quisito,
1138 3262 1219 3318 quam
1234 3263 1284 3320 per
1304 3248 1475 3305 immissionis
1498 3248 1625 3318 segmenta
1643 3250 1809 3309 calumnioso

156 3337 221 3408 quia
240 3334 301 3405 ejus
313 3334 392 3392 luerit
406 3332 487 3391 iuisse
511 3333 676 3391 coniessum.
701 3331 833 3401 Quoniam
853 3332 875 3389 si
890 3331 961 3403 apud
1011 3338 1141 3396 adversus
1154 3338 1228 3394 ibam
1239 3341 1395 3412 episcopum
1410 3343 1609 3398 accusationem
1624 3357 1686 3399 esse
1706 3359 1809 3416 propo·

156 3427 289 3498 praetutos
298 3425 502 3496 judieesabibo
512 3425 610 3482 nomm
621 3424 711 3481 doceri
722 3423 962 3495 patuissetepisto·
1010 3430 1102 3498 sitam,
1118 3445 1172 3486 uon
1187 3430 1277 3486 studio
1297 3431 1427 3488 veritatis.
1443 3431 1476 3486 Et
1488 3432 1552 3502 quid
1566 3433 1692 3503 estquod
1717 3434 1743 3488 in
1764 3449 1810 3489 ca·

157 3518 224 3584 iam,
258 3531 397 3587 nunquam
434 3533 529 3575 eorum
566 3516 700 3573 sententia
731 3515 792 3571 ibas
819 3515 962 3571 meruisset
1011 3519 1102 3591 pituiis
1112 3519 1214 3590 scripto
1225 3522 1357 3591 porrectis
1366 3530 1537 3578 accusatores
1545 3532 1640 3580 contra
1652 3525 1808 3596 episcopum

158 3611 276 3678 absolsi,
290 3626 352 3667 cum
366 3618 448 3666 taam
460 3610 676 3667 interlocutionis
690 3623 747 3666 suaa
766 3607 885 3680 pondere
899 3606 961 3664 iidei
1010 3610 1128 3667 ibam'de
1142 3610 1204 3668 lidei
1218 3627 1298 3668 causa
1313 3612 1465 3668 detulerant
1480 3614 1529 3668 nisi
1544 3614 1617 3685 quod
1633 3616 1810 3673 Nestorianus

158 3701 235 3771 psius
247 3716 360 3757 musam
382 3702 467 3770 quari
482 3716 647 3773 magnopere
662 3701 816 3767 noluerunt,
831 3716 912 3773 quam
932 3700 959 3757 in
1010 3712 1095 3768 essct,
1109 3705 1218 3761 beatum
1232 3702 1360 3776 Cyriiiom
1371 3704 1527 3759 haereticum
1541 3705 1713 3772 nominando,
1728 3721 1811 3777 quem

158 3793 318 3851 beatissimo
330 3793 440 3867 eyrttto,
463 3796 510 3866 qui
524 3795 559 3851 ab
579 3793 624 3849 iba
645 3794 799 3851 nominatus
821 3793 962 3850 dicebatur
1010 3794 1039 3849 in
1060 3793 1226 3865 Apollinaris
1249 3793 1375 3850 incidisse
1390 3795 1515 3850 heresim
1534 3804 1562 3851 et
1575 3795 1730 3853 haereticam
1743 3811 1812 3854 con·

159 3884 320 3954 horstianas,
341 3886 543 3944 estimaverunt
560 3884 643 3943 tuisse
661 3886 827 3955 pravissima.
843 3884 910 3940 Nam
933 3892 962 3941 et
1010 3884 1152 3957 scripsisse
1166 3884 1320 3956 epistolam,
1337 3899 1397 3955 quae
1412 3885 1445 3939 ad
1465 3884 1559 3940 biarim
1581 3884 1691 3942 Persam
1710 3888 1809 3959 scripta

160 3977 329 4048 subsequens
342 3978 480 4033 caristitnti
495 3987 583 4033 teatns
597 3977 640 4032 his
653 3977 801 4034 convenire
814 3991 874 4046 qum
887 3976 960 4032 dicta
1011 3975 1177 4047 perhibetur,
1191 3973 1328 4029 allirmati
1342 3972 1419 4031 Unde
1432 3974 1534 4030 ciarum
1554 3985 1596 4031 est
1614 3976 1668 4032 iim
1690 3978 1809 4050 episcopi

160 4078 225 4124 sunt
237 4084 288 4141 per
297 4085 346 4124 sua
361 4069 420 4124 loca
435 4069 634 4124 subteradnexa
645 4068 785 4124 coitiuntur
798 4067 959 4124 ostenditur.
1010 4064 1134 4122 eamdem
1149 4064 1290 4135 epistolant
1302 4079 1355 4119 non
1367 4061 1459 4130 iuisse,
1471 4080 1531 4120 cunt
1543 4066 1568 4121 ei
1579 4081 1627 4137 per
1638 4067 1813 4125 immissionis

160 4160 202 4216 ha
216 4161 377 4232 petitionem
398 4175 515 4231 namque
538 4160 601 4227 ihm,
624 4158 713 4214 Pharii
735 4168 817 4228 atquo
830 4157 960 4214 Eustatbii
1011 4155 1157 4212 salsitatem
1180 4155 1251 4226 quod
1267 4156 1362 4211 cadem
1380 4156 1494 4227 epistola
1508 4160 1630 4215 continet
1649 4159 1755 4230 iudices
1769 4168 1812 4217 te-

160 4253 351 4323 cpiseoporum
385 4251 412 4306 in
443 4257 597 4307 memorato
629 4257 724 4304 sancto
747 4247 960 4305 chalcedonensi
1011 4254 1117 4302 stcntur
1127 4246 1275 4316 objectum,
1285 4260 1366 4316 quent
1382 4249 1525 4303 memorati
1539 4248 1662 4320 superius
1672 4252 1816 4307 constituti

159 4344 278 4401 concilio
291 4343 394 4400 relecta
407 4345 478 4399 serie
487 4341 611 4413 iudicati,
626 4343 684 4398 hsce
699 4351 761 4412 post
782 4342 871 4411 aliqua
892 4356 962 4411 prm·
1011 4337 1103 4393 iocum
1117 4337 1260 4407 qumttorn
1274 4338 1395 4410 episcopi
1409 4338 1462 4395 iba
1472 4338 1644 4397 martiicstum
1658 4351 1700 4397 est
1711 4359 1811 4399 conse·

161 4433 253 4490 dietas
272 4434 466 4503 indicendum
488 4433 523 4489 de
541 4432 720 4490 accusationis
739 4431 868 4488 adversus
888 4432 960 4487 ibam
1012 4430 1081 4493 nire,
1097 4443 1242 4499 perquam
1264 4428 1292 4482 in
1316 4437 1413 4485 sancto
1433 4444 1466 4486 ec
1493 4430 1641 4487 reverendo
1663 4431 1811 4489 Chalcedo-

160 4525 319 4594 episeopuro
335 4524 464 4580 institutae
479 4524 574 4580 ordina
586 4517 772 4593 loquerentur,
785 4524 812 4578 in
820 4539 868 4579 sua
876 4524 960 4579 claret
974 4520 1089 4595 Dnensi
1102 4518 1218 4575 coneilio
1236 4517 1363 4574 Urseium
1378 4519 1533 4591 episcopum
1553 4520 1677 4590 atteritur
1690 4537 1739 4592 pro
1759 4521 1813 4578 iiu-

161 4613 263 4670 dixisse
285 4615 402 4671 scatenti
412 4632 436 4678 r,
452 4629 518 4682 auae
532 4615 569 4668 ita
587 4628 617 4668 se
636 4613 736 4668 habent
751 4613 820 4685 (det.
835 4613 863 4685 tt)
883 4631 889 4667 ε
910 4612 962 4668 iiis
1015 4611 1103 4684 tychis
1116 4619 1239 4681 ageomm
1249 4610 1335 4680 gratia
1346 4609 1477 4681 quosdam
1491 4611 1660 4684 clericosqui
1671 4628 1726 4668 sum
1738 4623 1816 4670 acru-

162 4722 223 4776 erpo
237 4704 359 4759 ciantiirts
371 4704 486 4776 capitolo
500 4704 619 4776 qaedam
633 4715 658 4758 et
671 4703 824 4774 repentibus
833 4713 861 4758 nt
870 4705 961 4759 horam
1015 4703 1112 4757 sationi
1134 4702 1288 4759 insisterent
1302 4718 1480 4774 praeparasse.
1497 4701 1536 4758 En
1556 4719 1611 4775 quo
1624 4706 1689 4762 satis
1702 4718 1818 4778 apparet.

162 4799 236 4869 peret
250 4797 352 4854 sebtiiis
365 4797 509 4868 itaquisitio,
529 4796 706 4852 incontinentes
716 4811 763 4850 nos
773 4797 914 4867 capituiis‚·
937 4804 963 4849 et
1015 4797 1102 4867 ipsam
1118 4796 1310 4853 immissionem
1324 4812 1372 4851 sna
1385 4796 1520 4852 sententia
1535 4795 1660 4853 Photium
1675 4806 1702 4853 ct
1717 4797 1813 4853 Eusta-

161 4889 321 4944 iaaenientes
344 4890 373 4943 in
400 4889 441 4942 itis
462 4888 648 4943 immissionem
672 4887 812 4959 monadem
840 4886 963 4941 aduersam
1016 4888 1102 4942 thium
1119 4886 1225 4957 judices
1240 4887 1322 4943 tacito
1346 4886 1515 4943 immittentis
1539 4888 1648 4944 nomiae
1668 4887 1813 4949 lacerasse,

163 4976 240 5032 iiam
254 4978 486 5033 eneamtisrintnm
503 4978 662 5047 episcopam,
679 4979 753 5049 quasi
772 4994 824 5033 non
839 4988 907 5033 reete
922 4994 967 5032 su·
1016 4992 1098 5047 quant
1112 4976 1173 5033 ibas
1186 4977 1330 5049 episcopus
1345 4976 1434 5047 palam
1450 4978 1477 5032 in
1491 4986 1584 5034 sancta
1599 4977 1814 5034 chalcedonensi

162 5079 245 5139 peret,
259 5068 370 5124 enutio
383 5070 560 5141 proterritum
583 5068 728 5125 doctrinam
742 5057 862 5134 aaron,
878 5084 964 5123 neces·
1015 5067 1120 5139 synodo
1140 5083 1271 5138 expresso
1286 5069 1489 5124 concinnatoris
1513 5067 1646 5124 vacabulo
1665 5068 1812 5124 dertotanit.

163 5162 235 5215 sarie
248 5176 282 5216 ea
296 5159 344 5215 hoe
356 5159 428 5231 prins
443 5159 634 5230 inquisitionem
648 5176 705 5213 cum
718 5175 815 5231 maana
829 5158 965 5229 diiipentio
1015 5159 1075 5215 lion
1096 5168 1139 5215 est
1151 5158 1231 5230 igitur
1246 5159 1400 5228 ambiguum
1415 5158 1467 5214 hoe
1478 5157 1551 5228 qoud
1565 5158 1599 5213 ad
1619 5158 1817 5214 criatinandum

164 5250 470 5322 [acmentmnsimpnisi.
485 5250 658 5320 Procepimns
668 5251 761 5304 etenim
771 5249 964 5304 accusatoribus
1014 5251 1125 5307 beatum
1140 5250 1291 5323 Cpriiium,
1304 5259 1332 5307 ot
1346 5266 1397 5322 pru
1409 5250 1505 5306 haussi
1520 5250 1667 5305 schismate
1679 5249 1732 5306 iinu
1746 5267 1814 5307 con-

163 5342 216 5396 riiei
232 5350 391 5412 penetrent
407 5356 466 5413 pua
482 5338 514 5393 oi
527 5339 710 5412 episcopalia
728 5340 884 5405 dementum
899 5343 965 5395 sitiat
1014 5344 1224 5414 statobjectum,
1236 5342 1468 5413 iduueepistoiam
1478 5342 1631 5410 continere,
1643 5340 1815 5398 manifestum

163 5433 214 5503 ipsi
224 5432 356 5497 demant,
367 5432 646 5505 piidopmutisaiimo.
658 5430 965 5503 iiieernntearonripso
1015 5446 1057 5493 ost
1079 5439 1113 5494 ab
1133 5436 1335 5493 accusatoribus
1363 5434 1538 5491 immissionis
1557 5433 1705 5491 ealliditate
1728 5436 1815 5490 contl-

165 5543 223 5581 ram
237 5528 369 5601 prudens.
386 5527 419 5582 iit
431 5544 489 5582 enta
500 5526 583 5582 muita
598 5536 667 5582 mota
679 5528 789 5598 inissent
799 5543 856 5599 pre
867 5528 893 5582 in
901 5529 967 5581 actis
1018 5538 1091 5584 ctnnt
1116 5537 1144 5585 et
1168 5526 1287 5583 acettsati
1302 5525 1446 5596 tregatiooe
1465 5531 1493 5581 et
1504 5523 1634 5594 judicium
1658 5525 1815 5582 delinitione

165 5620 264 5675 murto
274 5629 343 5675 sant.
354 5618 388 5675 Et
398 5628 555 5694 postpauca
566 5619 646 5676 iidem
658 5619 763 5690 inlices
775 5619 811 5675 ita
822 5619 964 5676 dixerunt:
1018 5620 1099 5674 tuisse
1115 5627 1306 5675 monstratum.

167 5710 203 5768 it't
217 5714 333 5771 consiliis
347 5715 469 5785 pietatm
481 5711 572 5784 abipso
581 5721 763 5783 preponentes
775 5721 799 5766 et
809 5714 966 5785 inquirentes
1055 5712 1086 5767 V.
1116 5710 1249 5781 Adjicitur
1274 5724 1383 5780 quoque
1409 5707 1530 5781 eiusdem
1546 5709 1643 5784 parim
1674 5712 1814 5768 constituti

167 5808 369 5878 properaturos
381 5805 613 5863 remotissimam
633 5803 708 5861 ioum
728 5804 874 5878 episcopum
899 5804 966 5877 praa
1020 5801 1091 5874 quod
1105 5802 1138 5858 ad
1159 5801 1372 5860 satblactiaoem
1385 5816 1479 5860 eorum
1493 5816 1552 5877 qua
1565 5800 1600 5858 ab
1613 5802 1828 5858 accusatoribus·
