4059 6184
163 304 223 359 ars
784 297 820 353 st.
841 294 975 351 atneut
994 294 1212 381 cnssooont
1747 292 1799 346 ore

460 406 573 463 catur
592 405 673 462 dlxi.
975 416 997 469 Α
1012 416 1074 460 com
1086 404 1167 461 sociis
1178 412 1220 459 cst
1230 403 1374 474 irtgressus,
1389 402 1493 475 iniquos
1506 403 1625 461 domans
1637 418 1698 472 eos,
1711 415 1740 459 et
1753 404 1802 459 inl·

171 522 212 577 De
231 523 255 579 ie
291 522 322 576 tit
341 518 536 574 sardicensium
558 518 592 572 nti
610 517 789 574 Constantiam
812 517 960 584 destinatis,
1011 493 1236 564 ll'fimisduffim
1246 493 1406 549 mmm·
1429 493 1567 564 “mim
1584 494 1704 549 mmm
1716 493 1800 562 Μῦν

207 599 232 646 et
286 589 400 661 refunde
419 588 711 643 moelriuooonecontro
732 604 807 644 eoru
827 588 961 659 Steplmno
1013 594 1209 642 concurrerunt
1232 593 1262 641 et
1283 584 1365 649 servi,
1388 586 1556 654 surrexitque
1580 584 1751 651 Vincentius,
1774 591 1803 641 et

206 660 364 714 Antiocheno
378 657 489 726 presiate
502 658 670 712 concinnato.
1012 675 1168 732 mmm
1178 673 1289 744 imm
1300 673 1405 740 pomus,
1418 683 1521 744 gemm
1530 673 1639 746 quidem
1652 674 1802 730 capum„

208 770 271 826 ttae
284 769 416 826 Constans
425 782 584 836 agnoscens,
597 767 683 825 doluit
692 769 812 839 quidem,
824 769 962 825 levitatem
1012 774 1101 822 torum
1123 764 1350 836 comprehendere
1369 771 1523 835 potnerunt.
1545 761 1650 832 Onager
1662 779 1728 820 vero
1740 778 1800 819 eoin

173 862 263 917 iratris
281 860 433 930 inspiciens,
450 867 477 915 et
491 858 628 917 intremuit
649 860 778 916 adversus
790 862 963 930 instigatores
1012 855 1123 926 reliquis
1135 854 1212 924 lusit.
1227 854 1341 910 Detenta
1354 863 1445 909 tamen
1456 863 1569 909 estcuru
1584 854 1636 909 illis
1648 861 1677 910 et
1696 856 1800 911 ntulier.

174 950 304 1004 ntalorum
320 957 347 1002 et
360 946 532 1016 inperatoris
543 946 698 1004 facilitatem
710 949 960 1019 itadecipientium.
1012 943 1138 1003 Diluculo
1151 955 1241 1000 antem
1254 946 1411 1013 magistrum
1429 944 1544 999 militam
1559 945 1677 1015 quicum
1692 946 1804 1001 illisne·

173 1043 246 1097 boos
260 1049 349 1095 autem
362 1039 505 1110 episcopos
517 1052 551 1095 ex
564 1037 717 1095 Sardicensi
731 1040 847 1095 concilio
861 1040 964 1098 electos
1014 1046 1101 1103 tterat,
1116 1036 1275 1102 excitantes,
1289 1035 1323 1090 ad
1335 1035 1464 1106 palatium
1478 1043 1676 1105 processerunt.
1691 1034 1725 1089 Et
1736 1051 1805 1106 pirac-

172 1147 235 1186 eum
249 1130 344 1185 litteris
358 1128 429 1183 misit
451 1127 486 1182 ad
505 1127 625 1194 fratrem,
645 1143 706 1184 curu
723 1127 820 1197 quibus
831 1136 860 1185 et
877 1128 964 1197 magi·
1013 1127 1180 1198 sumptiones
1190 1127 1319 1198 Stephani
1329 1125 1537 1196 proclamantes,
1550 1126 1675 1182 dicebant
1682 1127 1737 1196 jani
1749 1143 1803 1182 non

173 1229 258 1275 strom
279 1218 392 1272 militum
412 1215 550 1271 Saliarium
564 1216 665 1287 pietate
684 1216 842 1287 justitiaque
863 1218 964 1289 folgen-
1013 1229 1095 1285 eqtrre
1105 1215 1219 1285 judicio,
1231 1230 1321 1285 oeque
1330 1214 1486 1270 verberibus
1498 1215 1652 1284 iniquitates
1663 1215 1731 1284 rjus.
1746 1214 1803 1270 lla·

173 1323 239 1368 tem.
254 1309 362 1364 Litterae
375 1323 439 1365 vero
453 1323 508 1364 non
521 1308 609 1364 solum
622 1308 796 1365 monitionem
812 1309 964 1365 babuerunt
1013 1307 1097 1375 sister
1109 1321 1174 1363 vcro
1195 1305 1308 1360 militum
1322 1305 1456 1376 praecipue
1478 1306 1759 1376 clamitabatzroqans
1775 1321 1804 1362 m

173 1410 255 1471 atque
277 1397 435 1462 consilimn,
463 1396 511 1453 sed
539 1398 620 1455 ctiam
644 1398 890 1454 interminationem
917 1400 964 1469 pio
1011 1396 1120 1464 iuberet
1132 1395 1279 1475 imperator
1292 1410 1346 1450 uon
1360 1395 1500 1467 synodice,
1518 1397 1566 1451 sed
1577 1398 1740 1466 iudicialiter
1754 1417 1803 1470 po-

161 1488 289 1560 ‘principi
313 1488 518 1543 condecentem.
545 1485 661 1542 Primum
683 1487 791 1559 quidem
815 1489 965 1544 enuntiavit
1014 1485 1068 1541 tius
1082 1486 1199 1556 iniquam
1215 1486 1363 1541 examinari
1376 1487 1612 1557 presumptionem
1625 1506 1633 1544 z
1644 1492 1805 1559 promittens

173 1582 249 1637 tratri
263 1577 437 1650 utepiscopis
449 1578 584 1649 preberet
597 1578 728 1647 auditum,
742 1587 771 1635 et
784 1579 965 1650 iniquitatesa
1016 1578 1132 1648 primum
1155 1592 1187 1632 se
1213 1576 1401 1649 episcoporum
1432 1577 1547 1633 elericos
1572 1580 1750 1646 traditorum,
1775 1592 1805 1637 et

173 1669 311 1740 Stephano
332 1668 443 1736 aliisque
456 1677 633 1738 praesumptas
651 1676 820 1740 agnosceret,
841 1683 893 1725 uec
909 1685 965 1726 non
1016 1665 1236 1736 oportereetiatn
1251 1666 1387 1721 ministros
1400 1664 1530 1737 Stephani
1540 1668 1575 1722 ita
1585 1671 1717 1725 contradi.
1728 1671 1807 1726 Corn·

173 1770 202 1817 et
217 1746 390 1816 Athanasium
409 1758 483 1829 gregi
505 1759 616 1830 proprio
639 1761 810 1828 restituerem
830 1760 965 1831 patefacta
982 1772 1069 1849 Bque
1083 1756 1129 1813 ille
1143 1754 1313 1826 impudenter
1322 1756 1508 1823 contenderet,
1521 1756 1614 1814 dicens
1629 1759 1806 1817 elericosnon

172 1850 282 1921 quidem
307 1849 450 1913 calumnia,
467 1849 670 1919 priscorumque
680 1850 800 1919 judicum
825 1852 965 1922 iniquitate
1015 1845 1170 1903 subdendos
1191 1859 1252 1901 esse
1266 1845 1430 1912 verberibus,
1446 1846 1546 1916 placuit
1567 1855 1595 1903 et
1610 1847 1805 1918 imperatorias

173 1949 202 1997 et
216 1939 376 1997 crudelitate
395 1940 532 2007 revelata;
556 1939 721 2011 adjecitque,
742 1943 805 2012 quie
818 1944 870 1998 taisi
885 1943 967 2000 vellet
1014 1934 1158 2006 judicibus·
1173 1941 1203 1989 ui
1215 1933 1286 1990 imit
1296 1934 1424 2006 millium
1438 1949 1525 1990 causet
1538 1937 1692 2007 proveniret
1704 1939 1807 1995 examia

171 2028 356 2100 quodjustum
371 2039 412 2084 est
426 2029 525 2095 lacere,
539 2030 598 2101 ipse
613 2031 647 2086 ad
660 2030 851 2089 Alexandriam
869 2049 967 2106 perqe-
1017 2022 1101 2078 Μῑῑθ·
1122 2021 1157 2081 Ei
1178 2023 1294 2095 primum
1313 2023 1422 2093 quidem
1437 2024 1636 2095 Memfim
1656 2027 1804 2094 mullerem,

175 2127 225 2185 tet,
241 2127 270 2175 et
283 2119 459 2174 Athanasium
473 2119 568 2175 ovibus
590 2118 807 2178 desiderantibus
828 2134 966 2181 immora-
1016 2114 1077 2184 qais
1096 2128 1156 2171 0³⁸¹
1169 2113 1204 2169 Μ
1222 2121 1352 2171 melitum
1364 2113 1518 2170 (ἱθΰῦῑῑῦὃθῑ
1530 2116 1729 2185 θΡῙὸθθΡῦΝΙΰ·
1742 2116 1806 2183 0¹¹³

175 2219 226 2274 rot,
241 2208 465 2278 inimicorumque
476 2216 599 2265 catervas
610 2208 705 2281 procul
719 2211 877 2280 expelleret.
891 2211 967 2269 liano
1018 2204 1086 2261 dixit
1103 2203 1246 2274 quemdam
1258 2201 1384 2273 juvenem
1399 2202 1433 2259 ad
1447 2203 1605 2269 sevenisse,
1621 2211 1650 2259 et
1662 2203 1806 2261 adrentum

175 2309 264 2365 amem
275 2299 418 2370 epistolam
428 2298 603 2356 Constantius
612 2300 640 2354 iu
653 2300 795 2356 Antiochia
805 2303 965 2372 suscipiens,
1017 2293 1151 2351 indicasse
1173 2292 1386 2363 peregrinorum,
1410 2293 1522 2363 etquod
1537 2310 1604 2364 opus
1624 2294 1808 2358 haberentet

176 2389 298 2461 promisit
310 2404 340 2445 se
355 2387 487 2445 laetorum
501 2403 562 2458 quas
575 2390 692 2459 qualitas
713 2390 843 2461 temporis
863 2407 966 2447 aunue-
1016 2383 1080 2452 quia
1095 2383 1328 2453 tesmwvessienss
1341 2381 1566 2439 deduxistelttm
1579 2385 1613 2440 td
1627 2384 1806 2443 habitaculum!

165 2478 230 2535 hat.
243 2477 298 2534 Sed
312 2478 339 2533 in
353 2478 395 2534 bis
408 2478 546 2550 perterriti
557 2480 679 2535 veritatis
694 2480 904 2551 impugnatores,
921 2496 967 2536 ne·
1017 2471 1162 2539 quoddam,
1177 2486 1292 2540 “milli
1312 2472 1382 2527 iilia
1392 2471 1504 2541 ,januam
1517 2473 1615 2530 domus
1633 2485 1660 2531 0¹
1672 2477 1806 2545 Wl'lm

176 2571 359 2626 landissimom
387 2568 531 2626 machinati
554 2578 617 2625 sunt
641 2571 751 2627 rualem.
777 2571 969 2641 Applicuerant
1018 2561 1129 2620 introire
1142 2561 1308 2632 praeceperit.
1324 2561 1430 2630 Adiecit
1441 2562 1522 2617 ctiam
1538 2563 1739 2633 inquisitionem
1750 2565 1808 2636 epi-

166 2657 274 2714 ·etenim
288 2656 443 2711 sacerdotes
461 2671 477 2710 a
500 2652 616 2716 concilio
631 2658 757 2714 destinati
771 2660 917 2715 remotiore
939 2660 968 2715 iu
1016 2651 1102 2722 “⁰952
1117 2658 1146 2707 0²
1159 2660 1290 2709 lerwrtffl
1305 2649 1415 2720 tanum,
1430 2661 1457 2708 0¹
1471 2656 1621 2710 ⁰f²¹li0d0¹¹¹
1634 2655 1702 2726 81⁰³,
1717 2666 1746 2713 ⁰2
1758 2672 1803 2713 Ν·

176 2746 247 2803 loeo.
267 2744 394 2816 ttaqtster
410 2761 474 2803 vero
489 2746 603 2803 militum
616 2748 696 2803 aliam
708 2750 876 2815 mansionem
889 2766 969 2808 acco-
1017 2741 1233 2812 Wlisslfflfium
1244 2739 1399 2810 repentinas
1412 2741 1575 2800 initimum·

170 2845 264 2908 perat.
1026 2890 1029 2895 ,
1054 2831 1119 2888 llaec
1129 2831 1234 2901 indices
1247 2838 1435 2900 agnoscentes,
1448 2841 1556 2904 captum
1572 2835 1642 2891 inter
1653 2837 1721 2891 alios
1731 2837 1808 2907 irre·

212 2926 462 2999 PorroStcpbanus
476 2927 969 3005 tuooAntiochenusepisoopus.cum
1020 2936 1083 2978 ⁰0⁰¹
1106 2923 1141 2976 ⁸¹¹
1163 2921 1281 2979 milium
1303 2924 1481 2981 tledffltffl'l·
1501 2924 1552 2991 Qui
1574 2941 1628 2981 ³⁰¹¹
1650 2936 1809 2997 “ww

177 3017 237 3074 aliis
252 3016 398 3090 tyrannidis
409 3019 638 3087 cooperatoribus
651 3035 734 3076 navos
748 3019 887 3092 naufragio
897 3037 968 3093 prte-
1020 3013 1210 3067 ”milam
1225 3017 1376 3082 letbeiflffl·
1401 3014 1581 3069 fflsssslllssilfflss
1604 3016 1746 3072 mutilium
1760 3032 1809 3087 νδ·

178 3108 297 3179 parabat,
312 3122 373 3163 eom
385 3106 482 3176 quibus
495 3116 643 3165 assertores
661 3117 798 3166 rectorum
811 3110 967 3180 dogmatum
1021 3099 1120 3167 ῑθῐθθῑῑ,
1144 3108 1172 3155 θῑ
1184 3098 1320 3172 (luterum
1334 3103 1393 3158 ltaet
1417 3104 1507 3158 timuit
1521 3112 1690 3174 semoveret
1702 3106 1809 3161 mulos·

179 3194 565 3253 tantsnmoauraosoroere
578 3197 730 3255 erumnae.
752 3197 854 3259 nomm
878 3204 969 3273 taque
1020 3202 1066 3244 sus
1080 3198 1131 3244 ost·
1146 3188 1197 3257 out
1211 3189 1390 3247 icentunae
1412 3191 1540 3257 medium·
1562 3191 1810 3264 &mnuatho

178 3296 237 3343 mat
248 3284 301 3340 dux
314 3286 422 3357 quidam
432 3284 539 3355 iuvenis
551 3286 658 3356 Ortaqer
671 3288 789 3357 nomine,
812 3305 873 3345 curta
888 3305 969 3362 aspe·
1020 3281 1078 3336 ΙΝ
1092 3280 1182 3334 ⁰¹¹¹¹¹i²
1199 3280 1366 3352 imiimi
1392 3281 1438 3337 5⁵⁰
1460 3281 1542 3352 tqttur
1554 3282 1685 3354 Sfflihifli
1708 3298 1810 3354 wilm·

179 3376 259 3432 ritate
272 3377 384 3431 vernens
397 3376 462 3449 [ed.,
482 3376 596 3434 licenter
615 3377 730 3451 vivensl,
750 3387 779 3438 et
792 3379 884 3450 iniqua
898 3396 967 3436 con·
1021 3376 1127 3424 icem&
1148 3368 1327 3439 iiliufflltms
1340 3371 1516 3441 imiimi
1530 3379 1594 3431 ΨΜ
1607 3374 1740 3444 θΡὶὅθθΡῑθ
1752 3389 1810 3444 W·

179 3467 332 3524 versatione
345 3468 527 3535 eortgaudens,
541 3456 586 3536 qui
600 3483 653 3523 nou
666 3469 752 3524 solum
773 3469 800 3525 in
818 3469 914 3541 plateis
928 3470 970 3526 di·
1020 3463 1152 3519 miserum
1177 3470 1207 3518 ut
1219 3476 1281 3518 tum
1295 3463 1461 3529 munitm,
1477 3471 1506 3519 θῑ
1528 3463 1563 3520 8¹)
1580 3464 1696 3525 0⁰⁰¹&
1715 3466 1808 3535 il⁰⁰¹¹¹

180 3570 272 3611 versos
292 3555 433 3610 tormentis
460 3552 603 3623 eliciebat,
633 3565 661 3611 et
686 3556 801 3614 lustibos
822 3558 967 3624 lacerabat,
1020 3551 1147 3622 expulsos
1158 3551 1281 3608 estllon
1297 3560 1387 3608 tamen
1399 3553 1434 3609 ab
1446 3552 1545 3610 Ariam
1558 3561 1635 3624 peste
1647 3552 1765 3613 Ecclesia
1777 3555 1808 3609 ll·

177 3644 226 3701 sed
239 3644 321 3700 etiam
331 3645 427 3700 domos
439 3644 612 3715 impudenter
625 3644 765 3717 invadens,
780 3648 853 3703 siros
866 3664 900 3704 ae
909 3664 968 3703 mo
1018 3642 1112 3698 berata
1122 3650 1174 3700 est.
1185 3640 1252 3699 Nam
1262 3642 1390 3700 Leontius
1397 3653 1530 3715 posteum
1543 3645 1693 3716 ordinator,
1707 3661 1808 3717 senem

180 3733 474 3789 hereshonestissimes
488 3732 671 3788 abstrahebat.
687 3730 720 3789 Et
739 3750 774 3790 ne
792 3735 897 3804 longius
911 3735 968 3805 ejus
1019 3732 1159 3806 Phrygius,
1184 3734 1322 3791 voluntate
1344 3735 1532 3807 nequissimos.
1553 3737 1654 3795 Veram
1673 3733 1807 3795 Constan-

179 3820 323 3877 erteodam
338 3818 524 3886 calliditatem,
539 3828 632 3876 eontra
647 3821 764 3892 optimos
776 3822 849 3877 viros
865 3837 969 3893 praepa-
1020 3826 1072 3880 tius
1083 3842 1116 3881 ea
1130 3841 1189 3897 quas
1204 3833 1298 3883 contra
1310 3826 1454 3898 episeopus
1466 3828 1572 3885 inerant
1585 3831 1747 3898 machinata,
1759 3846 1810 3889 et-

180 3918 266 3965 ratam
280 3913 397 3966 narrabo
416 3912 662 3981 praeumptionem.
679 3911 705 3968 ls
724 3913 795 3968 enim
813 3912 920 3982 Onager
934 3913 968 3971 ad
1019 3916 1169 3988 perimento
1178 3929 1354 3985 cognosceus,
1367 3916 1477 3989 scripsit
1490 3917 1637 3974 Athanasio
1649 3920 1767 3975 marimo
1780 3929 1807 3975 et

179 4008 339 4068 quamquam
354 3997 524 4054 lornicariam
540 4000 660 4068 veniens,
679 4002 717 4056 ait
730 4001 860 4073 quosdam
883 4019 968 4075 nuper
1018 4007 1112 4072 semel,
1126 4014 1154 4063 et
1167 4006 1296 4076 seeundo,
1305 4016 1335 4063 et
1346 4009 1426 4064 tertio
1436 4051 1445 4077 ,
1455 4009 1572 4067 invitans
1582 4024 1645 4067 corn
1658 4020 1688 4069 ut
1699 4026 1715 4065 a
1727 4012 1808 4084 254

180 4085 283 4141 vertisse
297 4085 463 4155 peregrinos,
485 4093 513 4141 et
533 4096 639 4143 noctem
663 4089 764 4146 babere
788 4095 967 4149 neeessariam
1019 4093 1141 4164 partibus
1155 4101 1289 4150 remearet
1303 4093 1449 4165 hesperiis,
1462 4097 1615 4167 sicutipsis
1629 4098 1724 4155 litteris
1737 4101 1807 4157 indi·

180 4176 337 4232 meretricis.
353 4174 438 4231 Porro
453 4191 563 4232 sumens
576 4178 727 4249 quindecim
742 4181 966 4254 indisciplinatus,
1019 4195 1107 4245 caton.
1131 4185 1338 4255 Tueoooneros,
1362 4187 1408 4245 tto.
1430 4204 1459 4255 u,
1483 4204 1542 4260 cop.
1565 4191 1592 4255 8,
1617 4189 1635 4247 a
1661 4201 1686 4247 et
1710 4191 1754 4259 ld,
1776 4209 1805 4262 p.

176 4276 205 4325 et
228 4283 276 4326 eos
294 4268 321 4323 in
338 4268 428 4325 vicino
446 4272 635 4342 episcoporum
659 4284 761 4331 metato
780 4278 881 4342 celans,
904 4294 967 4349 per·
1018 4274 1063 4341 85,
1076 4274 1120 4330 il.

78 4376 80 4379 ’
176 4360 247 4417 rexit
260 4373 321 4415 eum
336 4360 478 4416 meretrice
499 4361 532 4414 ad
544 4361 653 4431 ianuam
669 4364 713 4419 ubi
737 4363 838 4422 illiniri
861 4368 968 4438 requie·
1296 4361 1411 4420 CAPUT
1430 4363 1526 4422 xxii.

176 4450 297 4508 scebant.
318 4449 436 4520 Eamque
458 4459 579 4523 apertam
596 4452 744 4521 inveniens,
765 4459 899 4527 persuasit
922 4459 1008 4560 uniD
1054 4449 1173 4524 Ert'tlalt
1191 4450 1337 4510 Cemlwlt'l'
1359 4455 1394 4508 Μ
1410 4454 1592 4536 ᾼΜαδῐῐιωι
1615 4467 1644 4513 “l
1661 4460 1698 4515 td
1714 4477 1771 4517 tem

177 4556 332 4613 puerorum,
355 4542 468 4612 pecuina
487 4544 559 4609 data,
585 4552 614 4599 ut
628 4546 765 4601 mulierem
786 4547 968 4604 introduceret
1362 4535 1468 4579 mmm·

177 4632 245 4687 intra
256 4630 365 4702 januam
379 4644 459 4700 quam
474 4633 531 4704 ipse
543 4635 716 4701 monstrabat,
731 4635 768 4691 lbi
781 4639 881 4708 quippe
896 4646 968 4693 uter·
1050 4633 1226 4692 Consanum
1246 4634 1333 4692 vietor
1344 4635 1479 4708 Augustus
1498 4639 1646 4698 Athanasio
1666 4645 1806 4715 episcopo.

176 4735 230 4790 que
241 4720 414 4777 sacerdotum
425 4720 543 4778 dormire
558 4723 726 4794 videbantur,
742 4742 857 4798 eamque
870 4729 967 4786 mulie·
1052 4722 1197 4779 Plfflimttm
1211 4731 1239 4780 ῑθ
1252 4724 1416 4782 άτωῐιιῐθπί
1431 4728 1591 4786 etssuelusrl
1604 4728 1737 4789 ferocibus
1748 4749 1802 4789 me·

175 4826 232 4866 rem
247 4809 358 4866 interim
372 4812 503 4882 praecepit
520 4814 669 4869 accedere:
685 4814 742 4886 ipss
765 4825 909 4873 vocaturus
921 4833 968 4875 so-
1015 4811 1055 4868 ris
1072 4812 1151 4869 undis
1173 4822 1273 4870 nosue
1290 4815 1501 4872 mausuetudinis
1520 4818 1665 4875 clementia
1677 4836 1732 4877 uon
1746 4837 1807 4892 per·

175 4902 233 4958 eius
249 4909 292 4958 est
311 4914 444 4971 egressm
467 4902 623 4972 Contigerat
643 4905 714 4959 enin
730 4921 812 4961 unum
831 4909 965 4964 seniorem
1016 4902 1099 4959 misit·
1110 4901 1201 4959 Patria
1214 4902 1314 4975 qttIppe
1325 4906 1546 4974 terranudatutn,
1560 4917 1589 4964 et
1602 4910 1808 4983 privatmnpro·

174 4992 330 5064 episcopum
343 4990 506 5064 Euphratem
521 4994 629 5050 trontius
642 4995 668 5049 in
679 4995 739 5051 loeo
753 4997 887 5053 exteriore
901 4998 965 5055 dor·
1014 4994 1083 5065 litiis
1096 4993 1186 5059 10er
1208 5002 1398 5065 emittitque
1419 5010 1468 5066 itt·
1481 4997 1541 5054 ¹00²
1564 4998 1634 5053 invit
1648 4998 1805 5063 bestiarum,

174 5086 253 5141 mire.
264 5083 422 5142 Vincentius
441 5095 529 5141 summ
542 5088 591 5158 (sie
605 5088 676 5142 enhn
691 5088 830 5144 dicebatur
843 5090 921 5163 alter)
937 5091 964 5149 in
1015 5080 1149 5138 indefecli
1169 5087 1261 5140 ¹¹⁰⁸ira
1277 5082 1364 5153 pietas
1385 5098 1440 5139 ⁰⁰¹¹
1462 5085 1594 5157 desiuit·
1623 5086 1739 5158 ideoque
1759 5089 1806 5144 tibi

174 5176 296 5232 interiori
311 5176 434 5232 cubiculo
448 5178 612 5248 quiescebat.
634 5177 755 5249 Cumque
776 5181 845 5236 intra
865 5182 965 5239 ostium
1015 5174 1062 5231 dia
1075 5172 1165 5230 distuli
1179 5173 1298 5231 scribere
1312 5173 1458 5232 voluntatis
1471 5192 1538 5234 meo
1552 5181 1720 5250 propositum
1732 5198 1738 5233 :
1748 5195 1809 5253 spe·

176 5266 266 5338 puella
287 5267 419 5331 venisset,
444 5279 540 5322 sonum
564 5266 662 5337 pedum
691 5266 841 5338 Euphratae
867 5285 968 5339 eogno—
1017 5280 1081 5322 raus
1103 5274 1200 5337 sponte
1216 5272 1243 5322 tc
1267 5265 1302 5320 ad
1315 5280 1364 5322 uos
1380 5264 1450 5322 iorte
1469 5276 1619 5336 vernorum,
1644 5279 1672 5325 et
1686 5270 1807 5327 laborum

173 5369 262 5420 secus,
278 5354 341 5409 dum
351 5362 425 5409 esset
433 5355 586 5421 obscurum,
605 5357 665 5427 quis
679 5358 829 5413 ambularet
848 5358 964 5415 interro·
1016 5357 1229 5414 satisfactionem
1251 5372 1267 5411 a
1292 5356 1371 5414 uobis
1390 5358 1506 5428 erigere.
1523 5358 1725 5428 Verumtamen,
1739 5377 1808 5432 quo-

173 5446 256 5515 ssavit.
270 5445 315 5499 tlla
327 5460 391 5500 vero
402 5445 540 5515 loquente,
551 5447 726 5503 conturbatos
740 5446 899 5518 Euphratae,
911 5450 964 5506 dte
1018 5451 1090 5505 niam
1105 5448 1174 5504 lorte
1196 5449 1277 5503 timor
1291 5448 1430 5520 impedivit
1451 5450 1596 5505 uoluntatis
1616 5460 1668 5506 tote
1685 5454 1807 5525 proposi·

173 5550 336 5606 neonemque
346 5545 441 5605 putans
454 5551 514 5591 esse
528 5537 646 5594 mulieris
657 5537 789 5592 imitatum
802 5553 906 5604 vocem,
918 5556 963 5597 re·
1019 5548 1092 5602 turrr,
1117 5538 1220 5593 litteras
1241 5538 1363 5606 turpiore
1386 5538 1553 5609 plenissimas
1575 5540 1609 5596 ad
1631 5549 1702 5596 tuam
1722 5543 1808 5599 beati·

174 5635 256 5696 pente
270 5626 439 5682 Salvatorem
460 5626 596 5684 Christum
615 5630 651 5685 ad
673 5646 751 5685 soum
765 5633 871 5688 vocavit
888 5635 967 5690 auxi·
1019 5630 1136 5685 tudinem
1156 5630 1216 5704 [nar.
1238 5627 1314 5700 Lyn,
1329 5627 1532 5703 benignitatem]
1555 5631 1756 5703 destinavimus,
1779 5643 1809 5690 ut

174 5717 241 5768 lum
253 5714 361 5785 Onager
373 5724 463 5771 autem
479 5718 530 5773 dor
547 5719 694 5788 inimtitath
715 5720 804 5790 hujus,
827 5723 879 5778 hoc
892 5722 963 5780 lacto
1018 5723 1076 5779 siue
1089 5734 1159 5778 nictu
1179 5723 1276 5778 nostris
1298 5721 1451 5791 aspectibus
1464 5724 1592 5780 velociter
1608 5733 1679 5781 tuam
1693 5743 1809 5799 prason.
