4059 6184
639 240 825 333 ansuinum
845 277 1037 337 cosressto
1050 277 1175 337 neore
1195 279 1295 340 stunt.

1726 276 1780 336 abb

181 390 287 454 Ἐπίσσς
306 395 356 468 γάρ
374 386 421 451 ικαί
441 398 502 460 τοὺς
525 399 573 452 ἀνά
592 399 669 474 μόρος
688 397 863 475 διαιροῦντας,
883 396 939 456 drot
956 403 977 458 Α
1028 390 1061 447 X.
1074 391 1226 462 AEqttttl'ttet·
1239 394 1312 449 enim
1326 401 1354 450 el
1363 407 1411 447 ens
1427 392 1472 462 (μή
1483 407 1532 463 pel·
1545 400 1649 464 parient
1659 389 1782 450 incidunt

143 486 293 545 τίανοντας,
307 491 349 541 καί
367 487 426 548 τοῦς
441 490 602 560 συγχέοντας
615 491 644 547 τό
657 498 702 551 τής
716 491 784 551 θιίας
798 492 939 558 οἰκονομίας

140 584 288 647 μυστήριον
305 583 351 632 τοῦ
364 589 476 654 Χριστοῦ
493 583 694 658 ἀποστρόριταε,
709 585 753 638 καί
767 582 939 650 ἀναθιματίζιι

142 670 160 728 ι’
174 669 252 723 ααθολ
261 676 292 729 xri
305 670 434 730 ίκνλήσία.
911 669 913 673 ’

180 758 260 822 Είτις
273 766 308 832 μθ
322 763 497 833 ἀναθεματίζτι
508 761 619 839 Ἄρειον,
633 766 762 837 Εὐνόμιον,
776 762 939 825 Μακεδόνων,

141 852 493 930 Ἀπολανάριον,Ίιίστόριο-ι,
508 859 643 929 Εὖτυχία,
668 860 710 912 καί
729 859 789 917 τοὺς
808 859 841 911 τά
860 854 936 926 ὅμοια

140 948 246 1007 τούτοις
259 952 421 1019 φρονοῦντας,
434 947 449 1008 ἦ
463 950 644 1024 φρονήσαντας,
655 948 766 1019 ἀνάθεμα
778 944 858 1002 ἔστιν.

989 484 1032 539 sel
1047 482 1178 560 dividunt,
1193 492 1221 539 et
1233 485 1337 554 eosqui
1351 483 1518 539 contundunt
1531 483 1629 540 divise
1642 484 1782 555 dispeusa-

990 578 1072 630 tionis
1087 578 1244 643 musterium
1259 575 1369 642 Christi,
1396 576 1482 646 reiicit
1505 589 1538 633 ct.
1547 577 1709 633 condemnat
1722 577 1782 633 unl-

990 665 1103 721 uersalis
1113 664 1160 720 Dei
1176 666 1306 721 Ecclesia.

1026 758 1055 813 Si
1082 758 1215 828 quianon
1236 758 1446 813 attathetuatizat
1474 759 1586 824 Arium,
1611 758 1782 827 Eunomimn,

991 847 1190 913 ttacetooiom,
1206 846 1412 917 Apollinarium,
1434 848 1598 917 Nestorium,
1623 850 1783 923 Eutychum,

991 950 1021 995 ct
1034 939 1140 1009 eosqui
1154 936 1447 1008 sithiliaeissapuermtt
1460 940 1501 995 vel
1515 942 1632 1011 sapiunt,
1645 942 1705 999 tatis
1717 958 1784 998 utta·

931 1099 934 1105 Ι
992 1032 1083 1086 wenta
1097 1031 1142 1085 sit.

180 1127 212 1184 Εί
231 1151 271 1191 τις
293 1131 459 1187 ἀντιποιεῖται
480 1131 612 1207 Θεοδώρου
633 1138 679 1189 τοῦ
700 1131 876 1205 nodomarius
895 1133 940 1184 τοῦ

140 1223 286 1288 diderat,
305 1220 377 1277 ἄλλον
398 1219 462 1278 οἶνοι
486 1226 529 1280 τόν
550 1226 611 1280 esis
631 1224 716 1293 λόγον,
740 1227 782 1279 καί
805 1219 879 1277 ἀλλον
899 1221 942 1277 τόν

140 1317 270 1392 Χριστόν,
285 1313 336 1369 bat
350 1316 436 1369 παθῶν
456 1314 548 1385 όυχῦς
569 1319 672 1371 καὶτῶν
689 1323 735 1378 τῆς
748 1315 840 1388 σαρκός
854 1314 943 1367 ίπιθυ-

141 1410 210 1473 μιῦν
224 1404 417 1477 ίνοχλοόμτνον,
431 1406 512 1460 ataid-ix
525 1415 656 1482 προκοπῆς
671 1404 751 1481 ι”ργοιυ
765 1406 940 1475 βελτιιιθίντα,

140 1499 189 1549 καί
202 1495 376 1566 βαπτισθέντα
395 1498 433 1558 τίς
448 1492 525 1567 όνομα
542 1499 641 1572 πατρός
661 1500 705 1552 καί
724 1498 784 1551 υἱοῦ
806 1499 850 1551 καί
868 1495 941 1570 ἀγίου

139 1589 301 1657 πνοόριατος,
313 1591 355 1641 καί
366 1585 409 1642 διά
418 1594 464 1642 τοῦ
476 1587 656 1662 βαπτίσματοτ
666 1594 712 1648 τήν
723 1590 801 1662 χάριν
811 1596 856 1642 τοῦ
868 1587 941 1660 ἀγίον

140 1677 291 1746 πνεύματος
313 1676 413 1738 λαθεῖν,
438 1680 482 1732 καί
505 1679 635 1741 υἱοθεσίας
657 1679 803 1743 ἀξιωθῆναι,
823 1681 866 1733 καί
888 1677 942 1734 κατ’

1028 1119 1073 1175 xt.
1083 1120 1178 1191 Siquis
1189 1119 1309 1175 defendit
1318 1119 1487 1177 Theodorum
1500 1120 1728 1192 Mopsuestenutn,
1736 1125 1785 1193 qui

992 1211 1060 1270 dixit
1073 1211 1155 1266 alium
1170 1226 1229 1266 esse
1250 1210 1333 1267 licum
1351 1210 1477 1276 Verbum,
1500 1222 1528 1267 et
1551 1213 1632 1268 alium
1647 1214 1784 1270 Christum

993 1303 1302 1375 apasstootbosaotmo
1324 1312 1352 1357 ct
1373 1302 1514 1359 desideriis
1537 1306 1626 1361 coritis
1648 1307 1786 1364 molestias

993 1397 1152 1468 patientem,
1178 1402 1206 1450 et
1219 1410 1253 1450 es
1269 1393 1391 1465 proiectu
1413 1410 1526 1466 operum
1553 1397 1732 1465 melioratum,
1756 1408 1786 1456 et

993 1489 1157 1560 baptizatum
1179 1489 1206 1542 in
1230 1489 1339 1543 nomine
1362 1486 1462 1553 Patris,
1488 1496 1516 1543 et
1535 1488 1605 1552 Filii,
1628 1499 1657 1545 ct
1669 1490 1786 1561 Spiritus

992 1583 1089 1649 sancti,
1104 1590 1132 1636 et
1142 1596 1192 1652 pcr
1204 1582 1337 1651 baptisma
1351 1582 1465 1650 gratiam
1479 1582 1565 1637 sancti
1580 1581 1695 1652 Spiritus
1707 1598 1786 1639 acce·

993 1677 1078 1748 pisse,
1093 1686 1121 1732 ct
1135 1674 1319 1730 alliliationeru
1334 1675 1474 1739 meruisse,
1491 1682 1519 1729 et
1533 1673 1568 1728 ad
1582 1674 1785 1730 similitudinem

139 1769 253 1826 λιτότατα
267 1768 401 1839 βασιλικῆς
413 1770 508 1831 εἰκόνος
520 1771 556 1829 ιὶς
570 1768 709 1844 πρόσωπον
728 1775 771 1824 τοῦ
785 1775 848 1825 orob
865 1769 940 1841 λόγου
958 1753 982 1813 Β
996 1767 1141 1838 imperialis
1161 1766 1284 1835 imaginis
1305 1766 1332 1820 in
1356 1781 1500 1836 personam
1516 1765 1563 1821 lici
1578 1765 1659 1821 Verbi
1677 1766 1785 1824 adorari

140 1862 381 1937 προσκυνούμενα,
397 1863 437 1915 καί
451 1863 515 1928 μοτά
532 1868 577 1918 τόν
592 1864 731 1917 ἀνάστασιν
745 1858 871 1936 ἀτρεπτόν
886 1869 942 1923 ταῖς

139 1954 264 2016 ἀνοσίαις,
276 1955 320 2007 καί
328 1955 507 2027 ἀναμάρτητον
519 1952 647 2015 παντελῶς
657 1953 801 2027 γινόμενον
815 1955 858 2008 καί
866 1953 941 2008 πάλιν

140 2043 278 2117 εἰρηκότος
292 2047 337 2101 τήν
350 2044 441 2099 ἕνωσιν
460 2050 503 2097 τοῦ
518 2049 582 2098 Θεοῦ
603 2044 676 2115 λογον
694 2044 758 2118 πρὸς
777 2045 820 2100 τόν
834 2044 942 2118 Χριστόν

142 2133 268 2189 τοιαύτην
280 2134 438 2204 γεγενῆσθαι,
455 2134 510 2187 οἷον
522 2129 590 2187 εἶπεν
604 2133 617 2187 ό
631 2136 776 2195 ἀπόστολος
795 2135 836 2189 tut
850 2133 942 2209 ἀνδρός

140 2228 190 2282 καί
203 2225 337 2297 γυναικός·
348 2222 518 2281 ι”Εσονταιοί
531 2223 621 2287 bloet:
630 2228 716 2300 σάρκα
726 2229 816 2296 μίαν.»
830 2230 872 2281 καὶ
878 2227 942 2302 πρός

139 2321 206 2374 ταῖς
218 2311 306 2376 ἄλλαις
316 2316 491 2393 ἀναριθμήτοις
501 2316 578 2370 αὐτοῦ
589 2315 758 2389 βλασφημίαις
771 2316 942 2387 τολμήσαντος

141 2412 241 2473 tiaris,
255 2407 293 2465 ότι
308 2410 373 2479 μετά
386 2414 430 2469 τήν
443 2410 581 2463 ἀνάστασιν
593 2409 745 2481 ίμρυσήσας
758 2408 771 2464 ό
785 2411 871 2485 κύριος
886 2418 943 2471 τοῖς

140 2500 285 2569 μαθηταῖς,
301 2502 343 2554 καί
355 2504 443 2563 stadt,
459 2498 572 2554 ιΛάόετι
581 2505 683 2568 πνεῦμα
690 2498 770 2571 άγιον,
781 2516 791 2550 t
801 2500 829 2554 οὗ
837 2497 943 2555 &bozzo

141 2590 237 2649 αὐτοῖς
250 2595 352 2662 πνιῦμα
366 2588 454 2662 άγιον,
474 2589 535 2644 ἀλλά
552 2593 672 2662 σχήματι
684 2590 766 2662 ,μόνον
780 2588 942 2662 triptotam.

141 2675 228 2740 Οὗτος
242 2676 270 2734 δι’
284 2682 327 2734 καί
338 2684 384 2738 τάν
398 2679 528 2754 ὁμολογίαν
541 2684 632 2749 Θωμά,
647 2685 692 2739 τήν
704 2682 788 2739 indari
802 2680 944 2751 ψήλαρήστι

139 2777 197 2826 τῶν
214 2778 312 2844 χειρῶν
328 2773 371 2825 καί
388 2778 435 2831 τός
454 2770 568 2843 πλευρᾶς
581 2777 627 2826 τοῦ
641 2774 728 2846 κυρίου
742 2773 807 2841 μττά
825 2776 870 2830 τήν
884 2772 944 2826 ἀνά·

140 2882 251 2925 στασιν,
264 2863 340 2936 λόγων
352 2862 392 2929 τό,
405 2881 415 2915 t
429 2862 458 2920 ¹0
466 2863 551 2938 κύριός
562 2884 611 2923 μου
622 2867 663 2919 καί
676 2864 736 2924 Θτός
747 2867 807 2936 μουζ
819 2882 829 2916 ν
841 2860 894 2919 ιῖπε
907 2868 943 2933 μή

141 2954 264 3029 εἰρῆσθαι
278 2959 395 3025 περὶτοῦ
415 2962 528 3028 Χριστοῦ
549 2956 621 3027 παρά
638 2961 684 3011 τοῦ
706 2962 801 3026 Θωμά,
823 2954 879 3010 otti
893 2958 944 3030 γάρ

142 3044 212 3102 σίναι
228 3046 296 3118 λίγα
310 3047 352 3102 τόν
365 3050 452 3121 κύριον
466 3050 541 3110 Osis,
565 3050 617 3103 ἀλλ’
636 3051 678 3106 tat
696 3058 733 3121 τῷ
747 3048 884 3123 παραδόξῳ
898 3058 944 3111 τῆς

993 1855 1176 1931 [atomum.
1201 1866 1229 1911 et
1251 1864 1313 1927 post
1333 1856 1560 1913 resurrectionem
1588 1857 1785 1917 immutabilem

992 1948 1212 2018 cogitationibus,
1226 1958 1254 2005 et
1268 1948 1470 2018 impeccabilem
1484 1950 1594 2004 ootnino
1608 1947 1707 2005 lactum
1721 1950 1787 2006 luis-

992 2056 1023 2096 se
1035 2058 1042 2107 ;
1056 2049 1083 2095 et
1096 2041 1192 2096 iterum
1207 2040 1276 2095 dixit
1291 2042 1373 2096 talem
1388 2039 1486 2096 iactam
1498 2057 1560 2097 csse
1575 2043 1723 2098 unitionem
1739 2044 1785 2100 bel

994 2128 1075 2184 Verbi
1090 2128 1125 2184 ad
1139 2128 1286 2194 Christum,
1313 2130 1420 2200 qualem
1436 2130 1504 2186 dixit
1520 2131 1665 2202 Apostolus
1679 2134 1714 2189 de
1728 2135 1786 2190 viro

993 2234 1022 2277 et
1035 2222 1146 2277 muliere
1159 2239 1166 2276 :
1182 2221 1268 2277 Erunt
1281 2223 1332 2276 duo
1345 2223 1373 2277 in
1384 2239 1464 2296 carne
1476 2240 1529 2277 nnn
1540 2223 1621 2295 (liph.
1638 2225 1665 2296 v)
1679 2243 1686 2278 ι
1701 2234 1730 2280 et
1740 2241 1787 2282 su·

994 2326 1043 2382 per
1057 2311 1125 2367 alias
1139 2327 1202 2368 suas
1217 2312 1427 2368 innumerabiles
1444 2313 1629 2383 blasphemias
1640 2330 1722 2371 ausus
1743 2323 1787 2372 est

993 2401 1093 2467 dicore,
1117 2402 1190 2473 quod
1205 2412 1266 2473 post
1286 2405 1511 2459 resurrectionem
1537 2419 1598 2458 curn
1623 2404 1787 2462 insufflasset

994 2492 1125 2547 Dominus
1135 2492 1275 2564 discipulis
1287 2494 1355 2562 suis,
1375 2503 1405 2549 et
1419 2492 1550 2550 dixisset:
1572 2481 1688 2565 Accipite
1697 2496 1783 2566 spirt-

994 2591 1048 2636 αισι
1067 2591 1185 2635 sartctttnt
1206 2581 1298 2654 (donst.
1321 2588 1393 2650 xxi:
1421 2599 1475 2640 utin
1493 2582 1569 2638 dedit
1590 2584 1630 2638 eis
1656 2583 1787 2654 Spiritum

994 2679 1143 2735 sanctum,
1175 2670 1222 2726 sed
1247 2669 1381 2742 figuratim
1411 2672 1599 2727 tantummodo
1622 2671 1786 2729 insufflavit:

994 2762 1043 2817 sed
1063 2771 1091 2815 et
1111 2759 1171 2831 illic
1191 2770 1282 2817 autem
1297 2758 1460 2834 ctiam,Gr.]
1478 2762 1684 2827 consessionem,
1706 2779 1787 2832 ‹puam

994 2851 1060 2908 lecit
1083 2851 1201 2906 Thomas
1214 2868 1274 2907 cum
1290 2852 1427 2923 palpasset
1446 2868 1542 2906 oratius
1555 2862 1583 2908 et
1599 2854 1667 2908 latos
1682 2852 1787 2908 bomini

995 2949 1057 3013 post
1072 2941 1308 3008 resurrectionem,
1327 2941 1440 3007 dicens,
1456 2941 1584 2997 [λοιιιὶιιιιι
1598 2959 1669 2995 συντ
1683 2952 1707 2996 et
1718 2942 1788 2996 iterra

996 3049 1068 3089 ονοαι
1083 3031 1219 3105 (leidensi,
1245 3033 1330 3101 inquit
1344 3047 1397 3087 non
1419 3048 1479 3087 csse
1493 3033 1593 3088 dictam
1608 3049 1622 3088 a
1638 3032 1741 3089 Thoma
1754 3035 1789 3090 de
1814 3036 1819 3043 '

142 3142 319 3201 ,swam
342 3140 493 3214 §mimimo
515 3144 558 3197 pp,
581 3149 675 3213 θωμιχ,
691 3145 802 3213 pamm,
821 3145 863 3198 τὸ,
884 3146 944 3199 θῶ,
959 3124 984 3189 C
997 3124 1107 3181 Christo
1124 3126 1186 3195 (uec
1200 3125 1272 3179 onim
1286 3125 1354 3179 dixit
1369 3125 1526 3181 Theodorus
1541 3126 1624 3180 Deum
1638 3142 1698 3181 esse
1712 3125 1791 3183 Chri·

144 3233 190 3287 τόν
204 3233 339 3305 ίγιίραυτα
352 3232 394 3288 τόν
406 3234 523 3306 Χριστόν.
537 3234 571 3286 Τό
585 3231 611 3287 δὲ
632 3240 739 3304 χεῖρον,
763 3230 804 3288 ὅτι
820 3235 861 3287 καί
879 3233 946 3308 ἕντῇ

145 3331 200 3379 τῶν
214 3325 333 3397 πράξεων
346 3330 396 3378 τῶν
412 3326 561 3379 ἀποστόλων
574 3328 692 3397 proauiam
706 3325 768 3395 παρ’
780 3327 861 3382 αὑτοῦ
875 3323 948 3384 δῆθεν

146 3414 270 3487 ἑρμηνείᾳ
284 3420 425 3490 συριρίν-’.ν
439 3415 452 3469 ό
466 3416 541 3476 αίσός
555 3414 682 3493 Θιοδοιρος
695 3419 737 3471 τόν
755 3419 863 3491 Χριστόν
883 3414 949 3470 niri-

145 3524 221 3570 τον-νο,
237 3507 281 3558 καί
292 3508 438 3576 Μανιχαίῳ,
455 3510 494 3560 καί
507 3503 656 3581 Ἐπικούρῳ,
668 3509 710 3560 καί
722 3509 857 3575 stapelen,
871 3506 947 3577 λέγει,

144 3595 188 3652 ὅτι
205 3598 294 3671 ὥσπερ
310 3598 409 3652 ἀκτίνων
422 3598 529 3657 ίκαστος
545 3599 680 3676 εὑράμενος
694 3599 782 3653 οίκιῖον
794 3595 876 3670 δόγμα
889 3599 949 3659 τοῦς

145 3690 221 3760 atico}
228 3690 439 3760 μαθητείσαντας
452 3692 569 3747 πεποίηκε
578 3690 706 3746 ναλιῖσθαι
717 3692 893 3755 Πλατωνικοὺς,
906 3696 950 3745 καί

148 3782 330 3850 Ιλανιχαίους,
353 3783 396 3835 καί
409 3778 612 3857 Ἐπικουρείους,
628 3786 670 3836 καί
683 3786 893 3856 λιαρκιωνεστάς,
907 3784 950 3837 τόν

146 3869 235 3943 ὅμοιον
247 3871 340 3946 τρόπον
354 3873 398 3926 καί
409 3878 454 3926 τοῦ
474 3877 588 3946 Χριστοῦ
608 3874 747 3948 εὑραμένου
761 3876 790 3927 τό
804 3871 903 3945 δόγμα,
924 3874 950 3939 ίξ

147 3965 231 4018 αὑτοῦ
252 3965 312 4024 τους
328 3965 496 4032 Χριστιανοὺς
514 3964 653 4019 καλιῖσθαι.
675 3962 707 4018 Εἴ
722 3986 761 4027 τις
782 3968 863 4020 τοίνυν
881 3967 951 4020 ἀντι·

148 4061 265 4109 ποιεῖται
273 4052 404 4130 Θιοδόνρου
416 4060 461 4110 τοῦ
473 4057 507 4110 τά
518 4061 623 4147 τοιαῦτα
635 4055 874 4129 βλασρυμθσαντος,
887 4055 951 4111 ἀλλὰ

147 4152 187 4217 roi
203 4145 379 4215 ἀναθεματίζιε
391 4147 476 4211 adsis,
491 4149 532 4200 καί
544 4148 577 4201 τά
589 4147 670 4201 αὐτοῦ
684 4147 886 4220 συγγράμματα,
907 4148 951 4201 καί

147 4240 215 4298 rubr
227 4239 262 4293 τά
283 4258 357 4305 ομοια
375 4238 447 4312 αὐτῷ
465 4245 633 4313 φρονοῦντας,
651 4237 666 4298 ή
685 4243 870 4314 φρονήσαντας,
892 4241 952 4295 ἀνά·

148 4331 220 4400 θεμα
234 4326 317 4385 fatu.

997 3214 1091 3287 stum),
1107 3215 1154 3270 sed
1166 3214 1200 3269 ad
1214 3214 1371 3270 miraculum
1387 3215 1593 3280 resurrectionis
1610 3215 1789 3285 stupefactum

998 3307 1129 3362 Thomam
1142 3305 1308 3375 glorillcasse
1323 3304 1416 3369 Deum,
1435 3306 1480 3376 qui
1494 3304 1629 3361 Christum
1645 3306 1790 3361 resuscita-

997 3399 1036 3455 vit
1049 3415 1056 3453 ε
1068 3407 1096 3454 et
1107 3397 1180 3467 quod
1193 3396 1269 3466 peius
1280 3405 1333 3461 cst,
1344 3397 1425 3451 etiam
1437 3396 1463 3449 in
1477 3396 1700 3466 interpretatione
1709 3411 1790 3466 tpttattt

998 3491 1124 3547 inhctns
1147 3489 1331 3559 apostolorum
1354 3489 1462 3558 scripsit
1486 3488 1655 3557 Theodorus,
1675 3489 1792 3545 similem

999 3580 1063 3638 lecit
1075 3581 1213 3637 Christum
1232 3578 1352 3643 Platoni,
1368 3588 1395 3633 et
1411 3578 1568 3647 hauriebam,
1582 3589 1610 3635 et
1624 3580 1750 3650 Epicuro,
1764 3586 1793 3635 ct

999 3676 1140 3740 Marcioni,
1155 3676 1249 3730 dicens
1262 3673 1333 3744 qnod
1355 3674 1423 3729 sicot
1439 3673 1546 3727 illorum
1558 3675 1740 3743 unumquisque
1754 3689 1789 3729 ex

999 3770 1126 3839 dogntatc
1140 3767 1212 3837 qnod
1227 3766 1340 3833 invenit,
1365 3782 1428 3821 suos
1448 3765 1597 3834 discipulos
1622 3764 1684 3819 lecit
1700 3764 1791 3820 vocari

1000 3863 1164 3927 Platonicos,
1187 3869 1216 3915 et
1229 3860 1401 3924 manicheos,
1417 3870 1443 3913 ct
1459 3859 1615 3928 Epicureos,
1639 3869 1667 3914 et
1680 3859 1790 3914 llarcio

1001 3956 1097 4023 nistas,
1109 3952 1188 4008 simili
1203 3951 1284 4007 modo
1304 3959 1405 4006 etcum
1421 3950 1545 4005 Christus
1558 3950 1655 4020 dogma
1675 3950 1789 4006 imonis·

1000 4051 1052 4108 set,
1068 4058 1101 4098 ex
1116 4043 1174 4112 ipso
1188 4040 1358 4097 Christianos
1373 4041 1472 4094 vocari.
1489 4041 1517 4095 si
1531 4042 1592 4109 quis
1605 4041 1684 4109 igitur
1698 4039 1791 4098 deien-

1000 4133 1042 4189 dit
1055 4132 1179 4188 eumdem
1194 4131 1377 4193 Theodorum,
1398 4130 1443 4200 qui
1456 4130 1518 4184 talia
1533 4129 1742 4200 blasphemavit,
1764 4138 1793 4186 et

1001 4239 1056 4278 uon
1069 4222 1282 4279 anathematizat
1296 4235 1369 4286 enm,
1395 4230 1423 4275 ct
1442 4218 1501 4289 ejus
1515 4221 1678 4291 conscripta,
1705 4232 1734 4275 ct
1746 4236 1795 4277 eos

1001 4317 1049 4386 qui
1062 4315 1159 4372 similia
1173 4314 1211 4370 illi
1225 4323 1383 4386 sapuerunt,
1392 4306 1567 4383 rct‘saptom,
1580 4311 1641 4367 talis
1654 4310 1794 4367 anathema

1002 4407 1048 4463 sit.

189 4511 224 4566 gf
236 4535 276 4575 w
293 4515 460 4572 &mmm
479 4523 529 4570 τῶ,
549 4512 758 4591 ωῃραμμρρω,
775 4488 992 4589 erodopiroo,⁰
1039 4496 1097 4552 xtt.
1117 4494 1146 4551 Si
1168 4494 1229 4566 quis
1250 4491 1371 4550 defendit
1384 4493 1538 4563 conscripta
1551 4491 1714 4549 Theodoreti
1736 4506 1795 4563 qua

149 4602 222 4679 ἀπιρ
236 4606 329 4668 ίξίθιτο
340 4606 406 4682 ὑπὲρ
417 4609 556 4682 Νεστορίου
566 4614 611 4663 τοῦ
622 4606 764 4684 αἶρετεκοῦ,
776 4609 816 4660 καί
828 4607 892 4661 κατά
903 4614 949 4666 τίς

149 4695 230 4772 όρθῦς
244 4699 365 4765 πίστιος,
382 4700 426 4753 καί
439 4706 486 4758 τής
499 4700 524 4753 ἐν
537 4698 631 4772 'Epiros
651 4702 756 4771 πρῶτος
775 4702 852 4769 ἀγίας
870 4699 948 4753 συνό·

148 4783 210 4847 δον.
225 4788 269 4840 καί
278 4792 324 4841 τοῦ
343 4786 463 4860 ίνάγίοες
477 4788 619 4862 Κυρίλλου,
637 4789 682 4842 καί
694 4794 745 4842 τῶν
757 4786 789 4842 ιό
807 4789 884 4842 αὐτοῦ
906 4807 948 4841 κι-

146 4879 270 4954 salutm,
284 4881 309 4935 ἀν
322 4876 359 4941 οἷς
368 4881 476 4936 άσεθίσι
487 4882 673 4956 συγγράμμασι
688 4885 813 4952 σχιτικίιν
826 4881 892 4954 λέγει
904 4886 950 4940 τήν

145 4973 243 5029 ἕνωσιν
261 4978 307 5027 τοῦ
321 4979 386 5028 Θεοῦ
400 4973 475 5047 λόγον
488 4980 553 5050 πρς
566 4975 610 5029 τόν
622 4994 680 5029 τινα
692 4971 832 5048 ἄνθρωπον·
848 4976 908 5049 περί
921 4970 949 5026 od

147 5066 308 5137 βλασφημῶν
323 5065 398 5136 λὐρει,
413 5062 453 5122 ότι
466 5065 608 5137 ίόσλάρηστ
626 5073 721 5138 Θωμάς
735 5068 779 5121 τόν
793 5068 947 5124 ἀναστάντα,

146 5248 223 5302 καλοῖ
230 5252 291 5309 τοῦς
301 5259 347 5309 τής
359 5251 492 5308 ἐκκλησίας
505 5246 684 5312 διδασκάλους,
696 5250 757 5307 τοὺς
768 5247 821 5300 καθ’
833 5243 951 5302 όπόστοι·

146 5359 194 5394 σιν
202 5344 248 5398 τήν
259 5339 351 5395 ίνωσεν
362 5345 408 5395 τοῦ
419 5345 483 5395 Θεοῦ
495 5339 567 5409 λόγου
579 5341 642 5413 πρός
655 5344 700 5397 τήν
712 5341 796 5410 σάρκα
806 5336 952 5410 ὁμολογοῦν-

146 5444 207 5489 τας·
223 5434 264 5484 καί
278 5431 343 5503 πρός
358 5431 459 5490 τούτοις
471 5429 582 5483 θεοτόκον
599 5430 748 5504 απαρνιῐται
766 5433 811 5485 τήν
824 5427 897 5498 ἁγίαν
909 5424 948 5482 ἔν·

147 5518 221 5583 δοξον
235 5524 397 5595 ἀιεπάρόονον
420 5523 528 5593 Μαρίαν.
556 5519 586 5573 e“
607 5539 647 5578 τις
672 5522 755 5574 τοίνυν
777 5519 810 5573 τά
833 5520 952 5591 ιίρημένα

148 5613 346 5686 συγράμματα
356 5608 518 5682 Θιοδωρίτου
529 5611 637 5676 ίπαενιῖ,
651 5610 713 5663 ἀλλά
726 5615 760 5683 μή
775 5610 951 5679 άναθτμκτίζτι

149 5706 233 5766 ake,
252 5708 364 5776 ἀνάθεμα
384 5701 467 5758 ἔσται·
491 5699 534 5757 διαί
551 5702 648 5762 ταύτας
660 5703 709 5775 γάρ
729 5703 777 5761 τάς
789 5700 951 5772 βλασρήμίας

148 5808 193 5859 τός
209 5800 350 5858 ίπισκοπός
364 5794 491 5863 tumido,
504 5797 547 5849 καί
557 5796 622 5866 μετά
637 5801 719 5851 ταῦτα
732 5795 801 5868 ἱντῄ
817 5792 877 5869 όιγίορ
891 5816 948 5851 συν·

1001 4593 1127 4665 exposuit
1155 4608 1206 4664 pro
1226 4591 1352 4647 Nestorio
1383 4591 1511 4646 haeretioo
1538 4590 1668 4647 adversus
1691 4598 1794 4647 rectam

1002 4685 1094 4750 iidem,
1116 4691 1144 4740 ct
1163 4681 1327 4754 Ephesinam
1342 4682 1456 4752 primam
1472 4691 1593 4738 sanctam
1607 4682 1751 4755 synodum,
1766 4690 1795 4738 st

1001 4775 1032 4833 S.
1047 4776 1186 4848 Cprillum,
1211 4784 1239 4831 et
1258 4774 1401 4830 duodecim
1419 4774 1477 4843 ejus
1498 4775 1626 4846 capitula,
1651 4776 1677 4829 in
1698 4775 1795 4845 quibus

1001 4867 1141 4924 sceleratis
1153 4866 1314 4937 cortscriptis
1328 4867 1399 4922 idern
1421 4866 1609 4923 Tltcodoretus
1622 4866 1791 4922 affectualem

1001 4958 1067 5014 dicit
1090 4959 1220 5013 unitatem
1243 4957 1289 5012 liei
1315 4957 1395 5012 llcrbi
1420 4957 1452 5012 ad
1476 4959 1613 5013 hominem
1637 4959 1792 5029 quatriduo,

1001 5048 1036 5104 dc
1058 5064 1113 5118 quo
1134 5048 1324 5120 blasphemans
1342 5048 1422 5113 uixit,
1444 5048 1516 5117 quod
1534 5048 1656 5120 palpavit
1676 5048 1796 5107 Thomas

1001 5155 1064 5195 eom
1073 5140 1120 5209 qui
1135 5139 1292 5209 resurrexit,
1305 5149 1333 5193 ct
1343 5139 1465 5194 adoravit
1474 5153 1536 5193 cum
1547 5138 1593 5209 qui
1606 5140 1793 5206 resuscitavit;

1001 5240 1031 5287 ot
1050 5240 1163 5302 propter
1175 5231 1228 5287 hoc
1251 5232 1348 5302 impios
1361 5239 1442 5287 uocat
1455 5232 1582 5287 doctores
1596 5229 1724 5287 Ecclesia
1746 5234 1793 5302 qui

1002 5323 1133 5378 unitatem
1145 5323 1292 5379 secundum
1311 5323 1512 5380 subsistentiam
1527 5323 1574 5377 Dei
1589 5321 1669 5378 Verbi
1684 5324 1719 5379 ad
1733 5342 1794 5381 car-

1002 5432 1064 5471 nem
1075 5412 1259 5480 cottiitcntur;
1283 5423 1311 5470 et
1324 5430 1404 5484 super
1426 5415 1483 5469 hauc
1499 5413 1545 5468 bei
1565 5411 1731 5471 Cenitriccm
1746 5418 1794 5471 ab·

1002 5522 1085 5584 negat
1105 5521 1228 5569 sanctam
1251 5522 1279 5568 et
1299 5512 1443 5582 gloriosam
1467 5528 1575 5583 semper
1591 5514 1720 5583 virginem
1737 5515 1792 5569 bla-

1003 5607 1079 5661 riam.
1093 5604 1121 5658 si
1134 5606 1195 5673 onis
1209 5603 1290 5671 igitur
1303 5612 1452 5658 irremorata
1463 5605 1616 5676 conscripta
1630 5604 1793 5662 Theodoreti

1002 5697 1133 5762 defendit,
1153 5705 1180 5751 ct
1192 5711 1246 5751 ooo
1261 5694 1473 5750 anathematizat
1495 5711 1538 5765 ea,
1562 5704 1622 5752 tatis
1646 5697 1793 5753 anathema

1003 5790 1048 5847 sit.
1069 5789 1183 5863 Propter
1206 5787 1274 5845 tales
1298 5786 1371 5844 enim
1390 5787 1571 5860 blasphemias
1585 5788 1620 5850 ab
1634 5790 1791 5860 episcopatu
