4059 6184
239 265 289 324 dii
785 215 946 321 distentu
965 259 1186 319 Tmenntttt.
1208 264 1309 322 tinen
1326 269 1349 326 l.
1827 265 1885 327 882

238 380 377 436 memoria
398 377 527 454 principis
553 377 722 435 Constantini
750 378 892 451 usquead
918 386 1038 449 augustae
1053 385 1074 442 Λ
1090 378 1209 434 auctoris
1231 355 1279 434 sui
1294 380 1404 439 nombre
1430 382 1457 438 in
1483 383 1606 443 ordinem
1630 377 1776 445 collocare.
1800 385 1884 458 vm

240 472 438 530 reeordationis
455 471 599 529 Theodosii
613 470 742 538 iunioris,
757 486 816 542 qne
829 477 892 526 sunt
906 480 981 541 gesta
992 471 1035 527 di·
1087 486 1152 543 ergo
1167 473 1328 545 intrepidus,
1352 476 1398 546 qui
1423 477 1458 533 ad
1483 477 1541 537 inec
1561 482 1689 554 opuscula
1703 482 1819 540 Domino
1838 482 1887 541 do·

239 566 381 634 gesserint.
403 565 457 622 Nos
471 576 562 623 autem
589 580 683 622 eorum
706 564 814 621 reiectis
842 564 979 635 operibus,
1007 572 1036 619 ct
1087 576 1168 624 nante
1182 569 1350 640 pervenerim
1366 570 1480 627 multum
1494 574 1617 631 utilitatis
1631 583 1713 646 atquc
1724 575 1827 631 notitia
1839 571 1883 628 io·

239 671 459 727 troninquemque
473 665 655 714 santamente
671 662 827 722 tractantes,
848 642 1033 723 eognovimus,
1086 669 1218 724 oraturus,
1235 659 1257 715 si
1271 675 1331 730 qum
1341 662 1429 732 posita
1441 673 1505 719 siant
1516 680 1564 736 per
1572 665 1622 722 iios
1629 664 1773 722 duodecim
1786 664 1881 735 libros,
1979 669 1992 684 ''

239 761 293 802 non
302 748 443 819 :equaliter
456 762 551 804 omnes
570 745 606 804 de
620 762 780 818 unaquaque
793 763 822 802 rc
837 746 987 802 luculenter
1001 761 1033 801 ac
1087 749 1293 806 memoriaesuac
1306 751 1420 807 sollicita
1437 761 1528 809 mente
1550 753 1712 811 condiderit.
1738 753 1882 822 Praeterea,

238 839 372 895 subtiliter
384 839 557 908 explanasse;
568 838 615 894 sed
628 838 708 893 modo
719 838 802 903 horre,
818 836 899 892 modo
918 836 1034 891 alterum
1087 854 1121 894 ne
1133 840 1287 910 quempiam
1301 857 1345 898 res
1363 842 1518 899 indistincta
1544 846 1676 906 turbaret.
1700 860 1750 917 per
1773 846 1883 901 uniter·

239 929 318 983 aliam
330 940 434 998 partem
448 930 544 986 meiius
558 928 717 999 expediisse.
737 928 771 982 Et
784 926 846 983 ideo
854 926 1035 997 judicavimus
1087 944 1147 984 sum
1168 935 1271 985 textum
1295 930 1375 1002 huius
1394 932 1485 1004 operis
1506 933 1600 991 titulos
1613 941 1759 1005 eognoscat
1772 933 1883 1005 apposi-

238 1020 272 1075 de
286 1020 400 1090 singuiis
410 1020 566 1076 doctoribus
578 1018 643 1095 [lis.
659 1017 720 1089 Lpr.
736 1029 762 1073 et
772 1018 930 1087 Senticam,
945 1015 1034 1072 dicto·
1088 1024 1131 1071 tos
1155 1026 1206 1083 ;ut
1226 1019 1282 1076 suis
1295 1019 1363 1077 loeis
1382 1023 1491 1092 exigere
1512 1025 1600 1096 possit
1619 1023 1693 1095 qaod
1705 1024 1757 1084 sub
1770 1040 1884 1082 nometi)

239 1110 313 1166 ribus
326 1127 334 1176 ;
349 1110 404 1177 eti,
427 1107 616 1183 dictatoribus}
636 1110 767 1166 dederam
781 1109 918 1179 colligere,
933 1117 1034 1165 etcum
1089 1110 1252 1179 competenti
1266 1107 1422 1182 predictum
1433 1130 1494 1172 csse
1506 1120 1657 1189 cognoscit

834 1361 1007 1446 LIBER
1043 1362 1283 1448 PRIMUS.

939 1526 1188 1544 *un-..-

444 1613 528 1688 mh
543 1613 659 1673 CAPUT
677 1615 822 1673 Pntttutt
1086 1615 1164 1670 ravit.
1178 1613 1267 1670 Crete
1278 1612 1409 1684 siquidem
1421 1615 1493 1673 mille
1506 1616 1669 1675 numismata
1683 1619 1885 1692 maneriam»-

239 1707 332 1763 tirutio
355 1707 672 1791 attomtoriatsmamem·
691 1706 764 1779 (pag.
786 1707 850 1785 tto)
864 1713 899 1768 nd
913 1710 1034 1768 Tieodo·
1051 1687 1075 1747 Β
1088 1717 1232 1779 pensantes
1245 1704 1399 1773 domenico,
1420 1714 1449 1763 et
1463 1717 1590 1779 tanquam
1610 1708 1646 1767 de
1659 1709 1886 1768 mmuendetan

503 1788 773 1848 saumsmpcratorem·
870 1843 872 1846 ,
1087 1801 1212 1871 largitate
1222 1800 1380 1881 gloriantes,
1402 1802 1430 1857 in
1452 1801 1561 1872 publica
1583 1809 1673 1863 statua
1694 1816 1887 1861 munerasse·

263 1889 357 1949 'Aiunt
378 1891 496 1964 antiquis
523 1891 689 1964 principibus
713 1890 880 1961 diligentiam
905 1892 1036 1951 studium·
1086 1893 1262 1963 seripserunt.
1278 1891 1404 1949 menate
1419 1900 1522 1962 samm,
1540 1901 1571 1949 et
1593 1893 1745 1966 Dionysia,
1771 1903 1800 1952 et
1821 1893 1886 1952 Pit

238 1999 292 2058 quc
314 1982 397 2040 luisse
424 1990 454 2039 ut
474 1981 513 2039 eis
536 1990 672 2037 amatores
703 1981 811 2053 quidem
831 1995 1035 2052 ornamentum,
1087 1985 1176 2055 lippus
1189 1997 1359 2053 nequaquam
1368 1982 1458 2038 animo
1469 1983 1606 2054 parciores
1619 1983 1885 2049 iuerectetcnsibtts.

239 2087 385 2145 purpuram
410 2080 492 2143 atque
515 2086 654 2137 eoronam,
675 2080 703 2128 et
726 2072 768 2128 bis
791 2074 889 2130 similia
905 2091 1037 2147 prepara·
1087 2075 1121 2134 de
1133 2074 1249 2145 superba
1260 2090 1291 2130 se
1309 2072 1449 2144 lencilino
1468 2073 1886 2147 poitaaoptrisquatsstssttoa23
1950 2075 1951 2078 ’

238 2173 317 2230 reut;
343 2163 475 2219 librorum
497 2176 563 2218 vero
591 2162 724 2217 babentes
748 2162 935 2231 intentionenr,
964 2166 1036 2222 circa
1086 2165 1133 2236 qui
1148 2163 1398 2221 velocitertltorun
1415 2171 1534 2221 mittam
1548 2165 1648 2221 imitari
1662 2174 1818 2236 postumat,
1833 2167 1897 2222 nisi.

238 2254 368 2324 queniam
387 2250 491 2309 iabuias
510 2253 648 2324 occupati,
674 2253 888 2323 conscriptiones
913 2265 1034 2326 agerent,
1086 2272 1171 2330 opere
1184 2256 1296 2317 iussero
1324 2257 1481 2315 minotcsin
1504 2257 1886 2316 monasteriensem

238 2362 299 2418 quc
318 2346 484 2406 audientium
498 2345 582 2404 corda
605 2346 772 2401 mulcerent:
801 2361 883 2415 porro
906 2347 978 2403 belia
991 2339 1037 2406 's'e-
1086 2363 1137 2421 pro
1150 2347 1265 2403 metrico
1276 2356 1402 2417 poemate
1413 2363 1463 2418 per
1485 2362 1594 2404 versum
1608 2365 1664 2406 uiro
1683 2365 1768 2408 aureo
1780 2351 1886 2414 donant

236 2447 355 2505 cuntes,
375 2438 542 2511 utsagittam
562 2443 715 2509 opportune
739 2434 896 2504 dirigerent,
920 2437 1036 2498 bestiam
1086 2439 1248 2512 Oppianum,
1264 2447 1367 2495 tanetum
1382 2441 1496 2511 praebuit
1509 2440 1544 2497 de
1565 2440 1690 2512 largitate
1712 2443 1884 2508 miracnirun,

238 2538 463 2602 prosternerent,
498 2517 620 2586 iaireeam
651 2529 722 2584 berre
754 2525 961 2600 jacularentur,
989 2541 1037 2586 aut
1087 2540 1118 2588 ut
1139 2546 1221 2587 aurea
1245 2532 1365 2588 munina
1386 2529 1500 2603 Oppiani
1521 2533 1652 2590 bactenus
1669 2534 1741 2606 apud
1755 2534 1886 2605 plurimos

235 2643 339 2699 equum
367 2626 496 2684 decenter
519 2628 707 2684 ascenderent.
739 2627 940 2702 praesentabant
963 2625 1036 2681 enim
1087 2625 1269 2681 nominentur.
1285 2624 1349 2680 llcc
1358 2624 1430 2681 dona
1445 2623 1629 2682 lueruntoiim
1650 2627 1800 2683 amantium
1812 2627 1885 2684 litto·

237 2717 338 2788 singoli
347 2717 483 2788 regalibus
504 2731 609 2784 eorum,
639 2716 779 2775 studentes
805 2720 887 2774 rebus
910 2718 962 2773 illis
976 2732 1037 2787 quar
1087 2732 1132 2773 ras
1141 2725 1171 2774 et
1181 2716 1343 2774 doctrinam
1367 2714 1409 2771 Tu
1428 2730 1504 2781 sero,
1520 2716 1708 2788 potentissimo
1721 2717 1882 2788 principum,

237 2808 329 2865 {orent
354 2808 507 2877 gratissima
528 2807 688 2864 dominanti.
717 2809 792 2866 Alius
817 2809 909 2879 itaque
934 2808 1038 2880 lapides
1087 2808 1162 2865 colio
1177 2809 1297 2879 priorum
1315 2807 1476 2864 excelientia
1490 2807 1579 2863 minor
1598 2807 1884 2878 invertitisiargitatt·

237 2901 375 2971 pretiosos
389 2897 499 2955 diiiicile
522 2908 677 2968 compertos
690 2900 836 2967 offerebam
856 2899 925 2955 alter
936 2898 1037 2955 tinctu·
1088 2901 1140 2958 bus
1154 2902 1207 2957 tuis
1222 2901 1293 2957 circa
1309 2900 1442 2956 dictiones
1454 2900 1592 2957 exhibitis.
1617 2901 1670 2958 Sed
1695 2901 1761 2958 nribi
1785 2902 1885 2961 ridete

236 3007 297 3047 ram
311 3005 489 3066 pnrpuream
503 2989 618 3045 clariora
631 2990 737 3061 plurimi
752 2998 876 3061 poemata
890 2998 937 3044 aut
949 2989 1039 3046 direr-
1088 3005 1145 3047 uoo
1159 2990 1307 3060 incongrue
1330 2989 1392 3044 talia
1415 2990 1514 3046 iacere.
1533 2988 1601 3045 liam
1616 3006 1678 3047 cum
1691 3006 1788 3049 omncs
1800 2993 1885 3050 virtu·

233 3098 283 3139 sas
303 3079 518 3153 conscriptiones
540 3082 725 3150 insinuatione
741 3083 810 3138 alitis
823 3084 894 3140 bona
915 3082 1035 3154 cingula,
1051 3051 1074 3114 c
1089 3079 1161 3137 dhus
1176 3080 1255 3151 205
1271 3080 1395 3147 eviceris,
1410 3080 1532 3137 studiose
1545 3082 1579 3137 ad
1592 3090 1759 3139 crementum
1776 3097 1875 3157 sempe

236 3179 286 3228 aut
314 3172 446 3242 optimum
470 3187 606 3228 armorum
632 3172 768 3245 pendebat
791 3172 857 3247 [ed.‚
881 3170 1035 3245 pandebat]
1086 3186 1146 3241 quse
1160 3178 1204 3225 tua
1219 3179 1281 3225 sant
1296 3171 1408 3238 crebis,
1423 3171 1552 3242 quoniam
1565 3187 1656 3229 rerum
1669 3173 1733 3229 oiim
1746 3183 1884 3244 gestarm

237 3277 327 3317 usum.
341 3262 458 3339 ldaxima
472 3273 538 3319 tero
552 3270 580 3318 et
593 3263 1037 3337 imperialispntabuturhujuspo-

236 3350 340 3423 pidaris
353 3352 460 3407 virtutis
473 3367 536 3423 pars
549 3353 594 3410 iiia
607 3353 641 3409 ad
654 3368 734 3424 quam
750 3362 813 3410 tunc
822 3354 937 3411 amantis
947 3355 1036 3410 inten-

236 3444 278 3500 tio
292 3442 452 3526 declinabat.
467 3443 508 3501 lie
529 3445 628 3516 pictate
639 3454 741 3515 autem,
754 3459 815 3516 qum
828 3453 871 3501 est
885 3460 966 3501 verus
983 3446 1036 3500 iur-

1086 3262 1158 3333 apud
1178 3261 1315 3318 Romanos
1327 3267 1355 3317 et
1372 3261 1481 3320 Grecos
1496 3264 1636 3321 vetimtenr
1651 3265 1825 3334 integerrime
1836 3281 1884 3322 co·

1086 3355 1213 3426 goonisti.
1235 3353 1318 3409 dium
1330 3355 1430 3410 etenim
1445 3361 1472 3410 te
1486 3369 1535 3425 pcr
1557 3356 1628 3411 diem
1642 3356 1751 3426 quidem
1761 3357 1885 3413 exerceri

1087 3445 1170 3501 armis
1179 3452 1207 3501 et
1217 3459 1343 3516 corpore,
1355 3446 1592 3515 subjectorumque
1602 3446 1709 3517 negotia
1720 3446 1884 3518 disceptare,

236 3536 307 3608 perii
318 3544 440 3602 ornatus,
450 3537 515 3592 uuili
527 3537 648 3593 studiose
660 3535 859 3607 quodammodo
870 3550 960 3592 sermo
973 3534 1034 3591 init.
1084 3537 1208 3610 judicare
1222 3537 1302 3594 simui
1313 3547 1342 3593 ct
1353 3551 1446 3608 agere,
1469 3538 1550 3594 niodo
1573 3553 1705 3607 seorsum,
1718 3540 1801 3596 modo
1814 3555 1885 3596 corn·

236 3628 294 3686 Sed
310 3638 349 3696 tu,
364 3645 381 3684 o
394 3630 579 3700 potentissime
594 3628 739 3698 Theodosi,
758 3637 789 3685 ut
806 3628 974 3696 complexive
992 3629 1035 3684 di·

237 3736 310 3788 cam,
326 3731 451 3777 cunctam
460 3722 604 3792 superasti,
618 3720 803 3792 lieojuvante,
817 3723 953 3776 virtutem.
969 3718 1037 3775 Pur·

237 3826 308 3883 pura
319 3809 451 3881 siquidem
475 3819 505 3868 ct
525 3826 628 3868 corona
648 3827 701 3884 qua
714 3810 815 3867 uideris
826 3819 938 3881 propter
950 3811 1036 3881 inspi-

236 3904 344 3960 cientes
357 3901 433 3974 (quia
445 3912 487 3958 est
497 3902 646 3973 mejestatis
659 3902 776 3973 signum)
787 3899 957 3967 circumdari,
977 3903 1037 3971 pie-

1087 3633 1214 3699 munirer,
1228 3647 1289 3702 qttoe
1303 3641 1366 3688 sunt
1379 3631 1482 3704 agenda
1502 3632 1692 3701 considerare;
1707 3632 1831 3689 noctibus
1845 3633 1885 3687 di·

1087 3723 1158 3780 tium
1171 3722 1246 3778 libris
1265 3723 1431 3810 incumberet
1446 3720 1543 3777 Fertur
1562 3731 1652 3778 autem
1669 3722 1716 3778 tibi
1735 3723 1770 3777 ad
1790 3737 1885 3812 corula

1087 3815 1229 3874 scientiam
1253 3814 1405 3870 ministrare
1429 3814 1620 3871 candelabrum
1645 3823 1705 3871 arte
1727 3814 1885 3871 mecharrica

1088 3906 1200 3972 lactum,
1216 3913 1355 3977 etsponte
1377 3903 1492 3961 tundens
1505 3905 1596 3961 oleum
1618 3905 1645 3960 io
1673 3905 1830 3974 incernam,
1854 3912 1886 3960 ut
1995 3935 1996 3952 i

237 4004 324 4051 tatem
340 3991 1035 4063 tibietclentmtiamiatriosecustemperenutriunt.

240 4086 319 4145 Unde
332 4088 542 4159 conscriptores,
560 4095 588 4142 ct
597 4085 730 4156 pmice,
744 4100 778 4140 ac
791 4084 887 4155 reliqui
900 4082 1037 4153 subiecto·

1088 3999 1178 4055 nulius
1190 3997 1263 4055 circa
1275 3996 1377 4066 regalia
1391 3995 1553 4054 constitutas
1573 3996 1601 4053 in
1622 3997 1762 4056 laboribus
1775 3999 1829 4055 tuis
1843 4014 1887 4054 co

1088 4098 1166 4159 gater
1180 4088 1273 4159 affligi,
1288 4095 1316 4145 ct
1329 4097 1433 4144 naturai
1446 4090 1502 4146 rim
1517 4092 1598 4146 iaciat
1611 4105 1707 4148 somno
1721 4103 1885 4162 repugnans.

236 4175 934 4248 rumcircatetuosqueiaborantactusiiiseeptator
945 4183 1036 4232 autem
1088 4180 1134 4237 Sic
1146 4180 1271 4250 equidem
1285 4180 1405 4236 clemens
1425 4187 1454 4235 ct
1472 4187 1628 4236 mansuetus
1639 4181 1710 4236 circs
1737 4182 1885 4251 prostans,

236 4272 491 4345 posituslodesque
516 4272 658 4336 librorum,
684 4286 738 4326 noo
763 4278 903 4326 camerato
927 4267 1037 4339 eloquio
1088 4273 1247 4329 etmaximc
1272 4272 1344 4329 cirea
1361 4285 1457 4326 onroes
1484 4271 1590 4339 existis,
1618 4272 1757 4328 emiestcrn
1783 4272 1885 4343 liegrrn

235 4364 356 4435 caperis,
376 4371 423 4419 aut
433 4362 555 4434 qualibet
576 4360 660 4432 ligura
672 4359 772 4416 lurtum
786 4361 1036 4432 paterisreritatis3
1088 4370 1163 4417 tuum
1180 4360 1311 4418 imitando
1323 4369 1479 4433 pauonum,
1493 4360 1537 4416 cui
1561 4368 1666 4429 gratnm
1680 4370 1723 4417 est
1744 4377 1823 4432 super
1841 4364 1887 4434 ja-

236 4457 290 4514 scd
303 4455 424 4527 perfecte
443 4455 547 4512 metiris
561 4467 713 4524 utromque,
729 4467 881 4509 emmonem
897 4453 1036 4524 proprium
1052 4434 1142 4508 Datos
1162 4459 1187 4507 ct
1201 4451 1312 4521 injustos
1328 4453 1427 4523 pluere,
1447 4459 1474 4505 at
1490 4449 1571 4505 sciara
1594 4452 1682 4523 secere
1695 4453 1760 4507 oriri
1774 4450 1896 4522 idatii„

236 4556 339 4619 aptans
356 4561 463 4604 causae:
485 4544 597 4615 liguram
611 4557 720 4614 quoque
742 4541 878 4607 dictionis,
893 4550 921 4598 et
934 4551 1036 4614 partes,
1089 4557 1116 4608 r,
1130 4538 1194 4612 i5);
1208 4548 1237 4598 et
1248 4539 1300 4595 alia
1314 4539 1393 4596 simui
1414 4539 1514 4597 invidia
1538 4540 1684 4599 recedente
1706 4542 1807 4614 largiri.
1834 4542 1886 4598 i‘er

237 4639 417 4705 etardlnem,
430 4646 460 4695 et
471 4637 686 4709 congruentiam,
706 4643 736 4691 et
756 4634 905 4705 eloquiam,
919 4644 948 4691 et
960 4648 1038 4690 cosr-
1088 4634 1201 4690 multam
1223 4648 1288 4691 vero
1316 4632 1468 4689 doctrinam
1495 4633 1635 4694 audmtts
1653 4635 1739 4696 wem
1765 4633 1885 4706 lapidum

235 4732 415 4805 positionem,
429 4738 459 4789 et
478 4729 660 4792 collectiones,
681 4737 710 4784 et
722 4741 839 4793 sessum,
852 4734 881 4782 et
895 4726 1035 4784 historiam
1088 4729 1158 4783 scire
1186 4735 1297 4781 naturas
1323 4734 1527 4798 potestatesque
1553 4726 1693 4792 cadmum,
1718 4725 1885 4797 edoctusque

235 4822 373 4895 protunda
387 4822 543 4880 discutiens.
559 4819 724 4890 compensas
746 4826 837 4873 autern
860 4816 1036 4873 recitantibus
1088 4835 1213 4876 curarum
1229 4834 1282 4874 aori
1297 4818 1386 4874 minus
1398 4818 1544 4875 Salomone
1557 4818 1642 4875 Daniel
1655 4817 1710 4875 fllia
1722 4835 1730 4885 ;
1743 4818 1829 4889 tnagis
1840 4834 1886 4873 su·

197 4947 201 4954 -
234 4922 330 4970 ettuo
337 4912 450 4983 judicio,
461 4919 489 4968 et
500 4910 634 4966 latoribus
645 4907 871 4980 oppetitionem
882 4921 936 4963 noo
946 4908 1036 4962 aureis
1087 4923 1143 4967 tem
1155 4907 1513 4982 neocaesariensibus-itte
1524 4909 1655 4979 siquidem
1669 4909 1756 4970 iacttts
1767 4909 1886 4966 libidinis

235 5002 414 5074 imaginibus,
429 5010 457 5059 et
470 5001 606 5073 positione
624 4999 840 5063 sinruiaerorum,
863 5004 891 5052 et
903 4996 994 5067 donis,
1008 5006 1038 5053 ct
1087 5017 1193 5068 seram,
1210 5002 1340 5073 pietatem
1355 5016 1409 5056 uon
1422 5000 1565 5057 custodivit
1580 4998 1614 5055 ad
1637 5000 1795 5070 terminum,
1823 5017 1885 5072 qne

234 5094 390 5152 honoribus
400 5093 543 5150 universis.
556 5090 668 5159 Qualem
682 5105 747 5145 uero
762 5097 790 5143 tc
803 5087 875 5144 circa
891 5087 1038 5144 recitantes
1089 5094 1127 5150 itti
1142 5109 1222 5151 cama
1241 5093 1334 5150 iuerat
1346 5092 1479 5148 bonorum
1494 5097 1522 5147 et
1545 5090 1693 5161 mperes
1709 5090 1751 5148 i'c
1765 5106 1840 5160 rere,
1868 5107 1886 5147 o

234 5187 357 5260 prebes,
371 5186 440 5244 tales
452 5185 553 5242 dudam
576 5186 685 5240 luerunt
700 5181 806 5252 judiees
820 5180 885 5255 [ed.
910 5177 984 5246 ltin,
994 5180 1040 5247 ju·
1089 5182 1286 5252 potentissime,
1299 5181 1468 5251 negligentiae
1481 5180 1612 5252 objiciens
1625 5183 1769 5251 rationem,
1785 5182 1885 5240 rideris

232 5278 315 5335 dices
326 5275 431 5349 Cretes]
451 5278 522 5334 circs
541 5274 722 5344 dulciloquum
737 5270 896 5328 iiornerom:
912 5279 959 5327 aut
973 5269 1037 5327 lile·
1087 5289 1141 5330 raon
1162 5274 1250 5330 solum
1273 5273 1426 5329 bominibus
1437 5273 1520 5343 iuste,
1548 5273 1597 5330 sed
1619 5277 1701 5331 etiam
1716 5277 1846 5348 eorporis
1858 5288 1889 5334 et

234 5370 317 5426 vadas
330 5370 399 5445 latii,
413 5365 522 5440 Aleum]
535 5368 607 5425 circs
621 5365 803 5432 Siinorridenn;
827 5371 874 5419 aut
893 5362 1035 5434 Dionysius
1089 5379 1185 5420 animm
1198 5364 1364 5435 passionibus
1377 5365 1519 5435 imperare.
1531 5363 1561 5421 st
1575 5373 1665 5421 samm
1676 5373 1785 5435 oportet
1793 5372 1821 5422 et
1833 5367 1887 5423 boc

234 5460 339 5516 Sicilire
364 5468 493 5530 tyrannus
516 5458 589 5515 cirea
615 5457 754 5512 Platonem
778 5453 899 5510 Socratis
922 5451 1037 5521 discipu-
1089 5454 1151 5522 dici,
1166 5453 1246 5510 sudio
1261 5462 1288 5509 tc
1301 5454 1384 5510 ctiam
1398 5454 1481 5510 tubus
1498 5455 1551 5512 eibi
1575 5455 1617 5512 tel
1640 5456 1731 5528 poculi
1752 5455 1889 5512 desiderit

235 5552 315 5614 isnin
328 5546 642 5621 aathilippusiiasodo
654 5545 936 5616 eirea‘ilacopornpum
948 5544 1035 5600 histo·
1089 5560 1234 5616 superare;
1249 5558 1277 5600 et
1290 5559 1378 5614 neque
1393 5559 1472 5616 ponta
1495 5546 1594 5616 ducis,
1610 5559 1698 5618 noqne
1718 5545 1791 5603 aliod
1810 5547 1891 5615 quid-

234 5642 431 5713 riograpborm
446 5652 493 5699 aut
505 5643 621 5700 Seuerus
635 5642 723 5704 Cesar
734 5642 805 5700 circa
819 5640 980 5713 Oppianum,
989 5642 1036 5706 qui
1089 5653 1170 5709 quam
1183 5639 1334 5709 speciosum
1348 5647 1487 5708 appetere,
1502 5640 1554 5696 nisi
1574 5647 1705 5711 quantum
1728 5637 1763 5692 ad
1787 5642 1891 5690 tactum

231 5735 337 5789 mctr‘s
346 5749 444 5803 gaucia
458 5733 570 5806 piscium
581 5744 609 5791 et
620 5747 739 5804 naturas,
755 5735 963 5807 captionemque
974 5747 1038 5789 uar-
1091 5729 1227 5798 contenit,
1242 5736 1270 5784 et
1292 5728 1462 5787 soibrrrmodo
1485 5730 1576 5801 sapori
1600 5727 1776 5800 congruerit,
1802 5724 1896 5797 primo
