4059 6184
163 308 217 366 tili
845 303 1115 366 caementiciis.
1751 302 1806 364 iti

162 420 235 479 iiiiii
249 418 598 504 umesiectorumjudicio
608 420 654 478 bic
664 417 960 487 detractumrolumus‚
976 419 1049 488 glis
1063 418 1281 501 congregationis
1295 426 1392 502 nostre
1404 418 1582 487 censurius,
1597 419 1644 490 qni
1655 418 1730 505 edita
1744 436 1806 479 cust

162 498 678 627 “‘ib⁰ililicibi‘¹liciii‚
700 560 747 633 ,a
765 558 898 642 ,sisne
920 567 962 616 er
1011 489 1808 642 lillis*'icisc⁸n”i0¹i⁰cicnili⁸iim⁰iii¹lisi‘

161 632 318 689 &miodmi
333 629 414 699 fetus,
427 632 552 703 proxime
564 632 728 702 subiecimus
746 629 828 686 abutar
848 630 875 686 in
889 629 960 685 cna·
1010 637 1054 684 tes
1068 638 1158 685 textus
1172 645 1213 684 nr
1222 629 1434 687 animosissimus
1447 631 1541 687 Petrus
1552 630 1806 690 Peibesterliotiro·

161 705 216 759 tice
238 703 418 769 emtimmrs,
447 717 530 772 quem
553 702 616 772 ejus
637 702 749 758 nomine
772 700 960 770 consignatum
1011 700 1146 770 pragensis
1160 700 1319 769 metropolis
1338 698 1558 758 bibliothecarius
1579 701 1658 757 noba
1673 704 1808 759 coacessit

161 774 278 842 legimus
290 771 317 826 in
332 772 473 829 codicibus
486 773 587 829 noscis
597 788 663 829 mss.
678 779 707 827 et
720 771 747 826 in
762 769 881 827 editione
892 767 961 826 Ger·
1010 784 1045 825 er
1059 784 1110 824 ms
1127 768 1298 826 bibliothecas
1319 769 1422 840 licgiae,
1434 785 1516 840 quera
1533 772 1749 840 octingentorum
1769 772 1807 829 ad

161 843 278 909 insanies,
298 856 391 911 qnam,
406 857 463 897 uno
476 851 592 914 excepto
612 842 645 898 li.
662 840 692 896 P.
709 840 832 910 Phiiippo
845 840 961 897 labbsm
1010 838 1101 895 minus
1114 854 1247 895 annorum
1261 855 1321 897 esse
1342 840 1484 898 character
1506 841 1620 904 iudicat,
1643 843 1691 912 qui
1715 852 1806 898 tamen

160 912 190 968 S.
211 911 251 978 l.,
276 913 363 968 secuti
386 919 450 968 sunt
472 913 626 983 quicunque
650 912 780 968 librorum
805 908 960 966 Cassiodori
1010 908 1148 965 desinitis
1162 909 1288 967 iinelibri
1301 910 1542 978 dedritbmetica,
1566 920 1722 968 etnumero
1735 912 1805 968 ilci

161 983 308 1038 elenchum
323 981 468 1037 tradidere.
483 981 586 1050 Quibus
600 983 712 1038 forsitan
729 980 818 1037 fucum
838 979 960 1036 fecerunt
1010 981 1196 1047 consignatur.

161 1054 222 1108 lure
236 1052 332 1107 uitirna
346 1052 541 1107 commentarii
562 1053 590 1109 iu
612 1053 735 1108 Psalmos
754 1050 836 1106 uerba
853 1067 860 1105 :
880 1048 960 1105 Nune
1047 1047 1235 1106 Prmfationem
1256 1051 1353 1109 huicce
1371 1051 1441 1109 libro
1457 1051 1641 1120 restituimus,
1655 1065 1716 1122 que
1735 1052 1807 1108 inter

163 1122 320 1177 Salomonis
342 1124 414 1177 dictu
436 1121 582 1189 videamus,
596 1140 654 1196 que
667 1123 786 1192 nuntios
800 1122 960 1191 expositores
1010 1133 1094 1189 opera
1108 1119 1215 1175 alcuini
1236 1130 1297 1192 post
1312 1130 1456 1181 tractatum
1469 1121 1504 1179 de
1523 1122 1673 1177 Virtutibus
1686 1132 1716 1179 et
1728 1121 1808 1180 vitiis

161 1191 259 1246 tuom
281 1201 433 1247 nomnmr.
457 1191 505 1248 llis
529 1202 619 1250 tamea
637 1192 727 1248 rerbis
746 1192 825 1246 aliter
842 1189 960 1247 imbutus
1010 1190 1155 1258 reperitur,
1171 1206 1306 1261 quamque
1318 1205 1475 1260 germanum
1489 1207 1550 1248 esse
1563 1191 1718 1249 Cassiodori
1735 1207 1806 1264 prae-

160 1262 311 1317 oardinalis
334 1261 482 1330 Beronins,
504 1263 585 1319 aliter
607 1264 689 1319 etiam
712 1262 810 1325 sensit,
832 1259 961 1315 videlicet
1010 1258 1114 1314 ludium
1137 1260 1178 1316 sic
1201 1261 1359 1319 evincimus.
1378 1262 1405 1316 Γ
1419 1262 1459 1317 lta
1480 1262 1573 1333 incipit
1587 1263 1805 1333 bmopraefatio:

160 1332 291 1388 abbatem
305 1340 428 1387 nostruin
441 1332 625 1389 vivariensem
640 1335 667 1387 in
682 1330 826 1386 Purobolus
839 1330 961 1386 Solomo-
1010 1329 1137 1400 Superior
1150 1330 1225 1399 fiber,
1239 1330 1351 1388 Domino
1365 1341 1517 1402 prestunte,
1528 1334 1679 1405 completus,
1695 1331 1807 1388 Ιιιιιιιιι-

160 1403 204 1456 nis
224 1401 455 1484 scripsisse,·sed
476 1403 559 1485 effato
579 1412 633 1485 tam
653 1402 797 1471 singulari,
819 1408 849 1455 ut
870 1400 960 1457 nullus
1012 1399 1108 1482 tionem
1124 1400 1276 1456 Divinarum
1290 1404 1405 1458 eontinet
1418 1401 1578 1458 Lectionum.
1601 1402 1654 1458 iiie
1668 1404 1755 1486 Ιιιιιιιιι
1768 1403 1806 1459 ie

161 1473 961 1621 ¹{iillcdblilcicciliiilinmripren-
1010 1471 1417 1623 iiic‘ircfiii‘li'iibi‘
1433 1471 1808 1600 idililicliiiiiil

162 1619 232 1665 trum
247 1626 309 1666 esse
323 1612 400 1682 plura
412 1613 608 1669 demonstrant.
625 1614 651 1667 i·
666 1612 695 1666 ln
710 1612 764 1667 boc
785 1626 858 1666 enim
878 1625 961 1681 super
1010 1607 1185 1666 Lectionibus
1198 1610 1235 1665 35
1249 1612 1333 1669 titulis
1347 1612 1573 1684 comprehensum
1589 1613 1686 1681 edidit;
1702 1621 1730 1669 ei
1745 1613 1807 1670 ideo

161 1680 278 1748 (critica
292 1683 424 1750 opusculo
438 1683 539 1739 citatur
551 1682 698 1752 Gregorius
710 1681 833 1750 llagnus,
847 1689 874 1736 et
892 1696 961 1751 prae-
1011 1679 1096 1736 abeo
1110 1682 1235 1750 superior
1248 1682 1316 1738 liber
1335 1684 1443 1748 dicitur,
1468 1682 1540 1752 quod
1559 1683 1595 1739 ad
1613 1684 1804 1753 posteriorem,

161 1750 258 1831 sertim
269 1766 352 1833 super
361 1751 516 1822 Evangelia,
532 1754 574 1809 cui
588 1752 665 1822 operi
679 1766 788 1806 matrum
802 1767 857 1806 non
868 1755 961 1808 admo·
1011 1748 1141 1872 {uemnde
1154 1750 1278 1806 humanis
1292 1753 1390 1809 litteris
1410 1753 1572 1823 composuit,
1586 1753 1681 1810 referri
1695 1753 1805 1809 debeat.

163 1828 213 1885 stt,
229 1820 283 1876 nist
297 1835 354 1891 ram
373 1822 542 1892 pontificales
555 1823 589 1877 ad
611 1821 710 1877 infulas
728 1829 872 1889 evocatus,
887 1820 960 1890 quod
975 1814 997 1873 B
1037 1823 1041 1838 ’
1056 1818 1140 1890 {1qu
1149 1820 1315 1890 prelationis
1329 1832 1425 1879 auctor
1437 1823 1472 1879 de
1484 1832 1589 1894 septem
1603 1824 1715 1887 artibus,
1738 1839 1808 1905 quas

159 1891 279 1959 contigit
299 1907 376 1947 anno
399 1891 500 1949 Christi
523 1891 588 1961 tic,
611 1908 667 1961 quo
683 1892 739 1960 iam
759 1890 793 1945 il
812 1888 847 1946 ad
870 1893 960 1946 mitius
1012 1889 1050 1944 ibi
1064 1900 1198 1954 recenset,
1213 1907 1243 1946 se
1257 1903 1380 1950 acturum
1395 1892 1557 1965 pollicetur:
1570 1908 1664 1948 verum
1677 1893 1807 1949 Alcutnus

162 1958 328 2016 eibuxerant
339 1962 404 2017 anni
415 1978 431 2018 a
443 1970 533 2020 morte
546 1962 712 2030 cassiodori,
725 1975 807 2031 quem
820 1976 893 2016 anno
907 1959 960 2017 575
1011 1959 1047 2014 de
1060 1961 1146 2017 tribus
1160 1969 1263 2016 matum
1281 1963 1424 2029 disseruit,
1440 1977 1572 2032 nusquam
1591 1963 1662 2018 ultra
1681 1978 1807 2035 progres-

160 2031 340 2100 superstitem
364 2046 421 2088 noa
445 2032 529 2089 fuisse
552 2032 722 2089 communior
748 2037 791 2086 est
817 2038 959 2089 auctorum
1008 2043 1074 2096 sus;
1092 2030 1808 2102 solusSenatmnostersepteaariumaitigiteteon·

160 2101 311 2156 mittentia.
325 2100 353 2155 2⁰
367 2100 417 2158 ilic
426 2102 644 2159 Commentarius
656 2103 684 2157 in
699 2115 807 2157 sacrum
820 2098 959 2171 Epithala·
1009 2101 1163 2180 somniavit.
1175 2100 1207 2154 3⁰
1233 2100 1271 2156 Ea
1283 2104 1364 2158 verba
1379 2120 1386 2157 a
1400 2102 1546 2158 biretum
1559 2104 1592 2158 de
1605 2113 1660 2157 erte
1674 2119 1808 2175 crumme-

160 2170 247 2225 mium
269 2186 286 2225 a
310 2170 464 2228 cassiodori
488 2174 560 2244 stylo
583 2181 611 2228 et
637 2171 773 2228 scribendi
800 2171 960 2228 charactere
1010 2177 1143 2239 nemque
1156 2171 1182 2224 in
1196 2170 1247 2227 bac
1262 2172 1418 2240 pretatione
1436 2173 1571 2240 leguntur,
1595 2173 1733 2241 usquead
1757 2173 1805 2228 illa

160 2240 277 2296 multum
288 2242 426 2297 abhorret.
439 2244 467 2297 'a’
479 2242 634 2300 Tractatum
645 2244 717 2298 hunc
727 2257 757 2298 se
768 2242 960 2310 conscripsisse
1008 2251 1070 2306 que
1080 2238 1133 2294 boc
1147 2240 1226 2294 titulo
1238 2240 1427 2306 inscribuntur,
1442 2253 1521 2313 ceput
1530 2242 1548 2295 i
1557 2241 1590 2296 de
1599 2243 1805 2309 orterbeiorieu,

162 2325 298 2380 nusquam
313 2312 435 2368 uteminit
449 2312 566 2369 Senator
587 2322 689 2378 noster,
710 2319 738 2366 et
760 2310 844 2366 altum
858 2310 893 2366 do
913 2310 959 2367 ilio
1009 2315 1066 2361 tam
1090 2309 1117 2362 in
1141 2309 1247 2365 excusis
1270 2325 1350 2380 quani
1373 2312 1401 2366 in
1424 2326 1489 2369 mss.
1515 2310 1669 2367 Cassiodori
1696 2313 1807 2367 nnnrine

160 2380 304 2436 silentium
323 2382 350 2437 in
371 2381 528 2451 prefatione
542 2384 571 2439 in
585 2384 683 2440 librum
702 2382 737 2437 dc
748 2380 881 2449 0rtbogra
902 2379 958 2448 bia,
1009 2379 1168 2458 praenotatis
1181 2381 1365 2449 reperiuntur.
1380 2381 1447 2437 lllud
1462 2389 1553 2437 autem
1566 2391 1649 2453 caput
1661 2381 1680 2436 i
1692 2382 1726 2436 de
1740 2383 1806 2437 rbe-

162 2449 207 2504 ubi
222 2451 310 2506 libros
329 2467 425 2508 onrnes
443 2463 567 2510 recenset
585 2469 654 2524 quos
667 2449 869 2508 morracbuscdi
889 2458 958 2506 erat.
1006 2455 1096 2503 tonca
1105 2449 1206 2504 baboni
1216 2450 1325 2518 quidem
1338 2460 1437 2508 nostre
1452 2451 1624 2519 membranae,
1639 2451 1688 2508 sed
1697 2452 1806 2508 inverso

162 2517 285 2576 Tandem
297 2521 429 2578 familiare
438 2532 480 2580 est
490 2524 651 2581 cassiodoro
665 2528 760 2579 nostro
771 2521 799 2576 S.
812 2519 960 2590 Scripturas
1011 2519 1142 2589 tantisper
1156 2519 1261 2575 ordine.

162 2598 256 2645 ιιιιιιι
280 2591 404 2662 proferre
424 2592 502 2663 iuxta
525 2595 677 2651 versionem
696 2589 779 2660 LXX,
797 2605 877 2646 secus
897 2590 960 2646 buic
1045 2588 1157 2644 Certum
1174 2598 1217 2644 est
1239 2589 1335 2645 librum
1355 2590 1389 2647 dc
1409 2588 1589 2649 Grammatica
1612 2593 1807 2663 incompleium

162 2656 272 2716 fictitio.
1009 2672 1087 2721 esse,
1103 2657 1151 2713 scd
1164 2658 1223 2728 ejus
1240 2658 1375 2717 defectum
1389 2661 1479 2717 nullus
1500 2672 1656 2717 nostrorum
1679 2662 1805 2717 codicum

196 2729 254 2785 Cur
267 2740 359 2786 umen
373 2732 488 2802 prodeat
506 2734 552 2791 bic
571 2734 598 2790 in
619 2732 767 2805 publicum.
782 2740 837 2787 tim
861 2730 958 2786 illustri
1008 2728 1135 2799 supplere
1145 2730 1242 2800 potuit
1253 2744 1305 2787 nee
1317 2731 1374 2801 ipse
1385 2730 1524 2801 Tbuanus,
1535 2733 1582 2804 qui
1593 2732 1698 2801 longius
1709 2747 1807 2788 excur-

161 2811 278 2869 pareate
297 2802 452 2867 destitutus,
473 2805 532 2859 sola
546 2805 631 2859 movit
648 2804 793 2873 legentium
809 2800 911 2856 utilitas
930 2809 959 2856 et
1008 2798 1046 2853 rit
1062 2817 1068 2851 :
1084 2799 1190 2855 abunde
1205 2808 1295 2856 nmen
1314 2801 1440 2857 iacunmn
1455 2803 1575 2873 explebit
1588 2800 1805 2860 Commentarius

160 2868 281 2937 dignitas
302 2870 378 2938 iibri,
396 2887 456 2941 qum
476 2882 551 2929 tanta
565 2882 621 2940 est,
636 2882 667 2929 ut
678 2876 750 2929 inter
762 2887 845 2942 opera
863 2870 958 2927 lsidori
1009 2868 1037 2924 iu
1052 2867 1194 2933 Donatum,
1210 2869 1310 2939 dequo
1323 2887 1387 2927 nior
1400 2871 1496 2927 dicturi
1509 2887 1612 2928 sumus.

162 2937 330 3011 llispalensrs
344 2940 434 2997 locum
448 2943 582 3009 obtineam
597 2944 645 2999 sed
659 2952 714 2997 tam
730 2958 838 3013 pressus
852 2949 880 2996 ei
892 2956 958 2997 oon-
1045 2938 1096 3005 Qrti
1119 2938 1170 2994 bos
1191 2949 1295 3015 septem
1317 2950 1447 2998 tractatus
1469 2943 1569 3011 publici
1581 2942 1649 3010 juris
1663 2941 1752 2998 iecere
1765 2944 1806 2999 sie

163 3017 278 3077 ineius,
295 3018 324 3064 ut
337 3010 427 3080 buius,
441 3028 521 3083 quem
542 3014 676 3084 integrum
690 3013 795 3077 damus,
813 3010 901 3067 solum
914 3011 958 3066 vi·
1009 3007 1138 3065 lectorem
1150 3020 1316 3078 pmruonent
1330 3012 1407 3066 initio
1421 3012 1482 3067 iibri
1496 3012 1530 3068 ds
1546 3011 1690 3067 Rhetorica
1705 3030 1712 3065 :
1728 3011 1805 3077 Quod

161 3077 259 3134 deutur
272 3082 403 3150 epitome.
418 3081 621 3139 Cousnlenduni
631 3085 714 3139 etiam
734 3082 784 3137 fuit
802 3082 865 3136 buic
878 3079 958 3137 Com·
1008 3078 1310 3150 aequiturdefifreioricu
1320 3083 1489 3145 restituimus,
1501 3082 1584 3152 adjuti
1595 3083 1641 3136 boe
1651 3084 1804 3152 compendio

162 3149 311 3220 mentatio,
326 3167 360 3207 ne
373 3150 465 3209 forsan
480 3155 581 3224 periret
594 3153 734 3210 deficiente
753 3153 873 3209 editione
890 3148 959 3207 cer·
1009 3165 1027 3203 e
1049 3149 1166 3230 smdiom
1180 3152 1292 3222 quodum
1311 3153 1407 3206 ortium
1420 3153 1556 3224 illicenter
1568 3151 1685 3207 collecto.
1701 3155 1805 3220 liutbtus

163 3220 283 3292 ιιιιιιιιιι,
298 3238 358 3294 quse
373 3237 434 3278 rara
455 3233 497 3280 est
518 3232 546 3279 et
565 3226 654 3281 unica.
677 3222 742 3277 Eam
766 3223 836 3281 sicui
857 3228 886 3276 et
903 3220 957 3277 alia
1009 3217 1110 3283 verbis,
1122 3228 1251 3290 quantum
1266 3220 1372 3292 assequi
1386 3221 1459 3291 licet,
1473 3220 1550 3277 nobis
1561 3222 1686 3289 innuunt,
1700 3223 1741 3278 rel
1750 3223 1803 3280 sibi

164 3293 241 3362 plura
266 3309 303 3349 ex
327 3295 457 3350 immensa
471 3294 672 3362 domesticaque
695 3293 824 3349 librorum
841 3291 959 3360 supelle-
1010 3286 1127 3344 defuisse
1140 3289 1294 3346 Cassiodori
1309 3292 1401 3362 operis
1413 3292 1537 3357 codices.
1552 3291 1595 3347 vei
1615 3294 1724 3348 mutilos
1742 3301 1804 3349 tan·

162 3364 221 3419 stili
235 3362 432 3433 benignissime
444 3363 522 3419 nobis
539 3363 722 3420 commodavit
738 3362 780 3418 tir
792 3360 958 3416 clarissimus
1009 3366 1066 3412 tum
1086 3368 1181 3415 nactos
1193 3375 1262 3424 esse,
1276 3376 1392 3431 (iliorum
1406 3360 1497 3432 inopia
1516 3363 1557 3418 tic
1574 3361 1678 3434 ieiuni,
1692 3362 1726 3417 ιιι
1739 3364 1803 3420 brc-

165 3432 307 3489 limericus
320 3432 441 3502 bigotius
453 3433 610 3490 eruditione
623 3449 671 3488 sua
693 3433 759 3488 satis
772 3431 845 3514 apud
863 3431 959 3487 doctos
1009 3428 1123 3509 riarium
1143 3444 1191 3508 seu
1210 3444 1280 3553 sfno
1300 3431 1350 3485 sins
1364 3430 1479 3512 aiicujus
1500 3432 1655 3488 coliemoris
1676 3448 1802 3490 recurre·

164 3503 332 3570 celebratus,
345 3511 375 3558 et
385 3504 426 3559 rei
440 3503 577 3559 litterariae
588 3503 867 3559 bono-deditissimus.
1008 3506 1073 3579 rutil,
1090 3505 1120 3551 ut
1132 3497 1200 3553 bber
1213 3515 1221 3552 ι
1234 3500 1258 3554 lc
1290 3516 1306 3555 e
1320 3501 1465 3556 llbetonca
1476 3517 1492 3557 a
1504 3501 1658 3558 cassiodori
1671 3504 1801 3573 primige-

199 3572 296 3629 'i'ertio
314 3572 375 3628 loco
393 3572 516 3629 dedimus
536 3574 619 3628 libros
639 3573 671 3627 ds
684 3571 786 3627 Divinis
799 3580 825 3626 et
838 3569 958 3625 ιιιιιιιιιιιι
1009 3583 1056 3623 mo
1078 3566 1134 3622 fetu
1156 3584 1210 3624 non
1252 3584 1344 3626 rursus
1366 3570 1514 3628 abliorrere
1537 3572 1681 3626 videretur.
1708 3573 1802 3640 bobis,

165 3640 273 3698 Litteris
287 3657 336 3698 seu
347 3641 522 3710 Lectionibus,
536 3643 634 3725 quibus
647 3650 678 3698 ui
690 3639 849 3698 necessariis
862 3642 959 3711 prmlu-
1009 3637 1103 3720 lector,
1116 3583 1363 3720 fortunaussiandior
1375 3641 1475 3710 arrisit,
1490 3641 1599 3698 retectis
1608 3640 1661 3696 iliis
1676 3657 1739 3697 mss.
1754 3658 1803 3699 co-

164 3713 218 3767 diis
243 3722 272 3768 et
296 3713 496 3783 prolegomenis
519 3713 684 3769 vivariensis
706 3712 789 3768 abbas
811 3711 959 3765 monacbos
1009 3706 1117 3763 ducibus
1134 3707 1168 3763 de
1186 3709 1284 3777 quibus
1302 3725 1397 3781 snpra,
1412 3711 1458 3782 qui
1471 3711 1606 3767 sincerum
1619 3718 1648 3766 et
1667 3712 1802 3780 integrum

164 3797 232 3837 suos
243 3782 281 3838 ad
292 3797 376 3838 sacra
389 3782 448 3839 Scri
469 3794 535 3839 ture
548 3782 665 3838 studium
679 3781 840 3839 instruebat.
859 3778 959 3835 Putant
1009 3776 1164 3833 cassiodori
1178 3793 1247 3848 opus
1260 3780 1400 3849 sulubent,
1414 3788 1443 3835 et
1455 3797 1504 3838 nos
1519 3781 1584 3848 tibi;
1606 3781 1654 3836 sed
1676 3783 1803 3851 pristinas

166 3852 251 3921 aliqui
271 3851 369 3908 librum
390 3854 423 3907 de
442 3799 543 3909 Biuinis
561 3851 668 3909 Litteris
687 3867 704 3907 a
726 3850 889 3908 cassiodoro
923 3850 959 3906 ri·
1009 3847 1143 3930 editiones
1155 3848 1307 3930 rejecimus,
1338 3849 1567 3920 manifetentur,
1579 3853 1802 3909 commentarium

115 3920 127 3949 '
166 3922 658 3992 muminduosdiviaum,eoquotl
682 3921 810 3978 ineditis
833 3867 960 3976 omnibus
1009 3918 1223 4001 potrusstudrosi
1242 3920 1285 3990 cuj
1399 3921 1507 3992 sapiunt
1525 3936 1607 3992 quam
1630 3929 1734 3977 testum
1750 3938 1802 3979 au·

166 3998 231 4115 risi
242 4000 326 4060 caput
338 3991 375 4046 ts
388 3993 445 4048 mc
458 3993 547 4049 addita
561 3993 616 4049 sint
627 4010 634 4048 ι
646 3991 762 4064 Explicit
771 3990 836 4046 fiber
848 3990 958 4062 ριιιιιιιι.
1009 3996 1103 4044 ctorts.

183 4061 267 4131 ncipit
280 4061 345 4116 liber
355 4063 492 4119 secundun
512 4062 565 4119 Sed
579 4078 700 4119 errorem
713 4061 852 4132 depellunt
864 4075 960 4117 omnes
1047 4058 1077 4115 si
1094 4058 1155 4128 quis
1175 4058 1202 4113 in
1222 4060 1386 4118 editionibus
1401 4060 1525 4118 consulam
1537 4060 1633 4118 librum
1655 4062 1690 4118 de
1712 4061 1802 4120 Diale·

166 4130 277 4186 codices
289 4146 366 4198 mss,
378 4133 450 4202 apud
463 4147 533 4203 quos
545 4133 618 4189 nulla
632 4132 693 4189 talis
706 4132 843 4189 distinctio
857 4145 887 4186 re
923 4130 960 4186 ri·
1009 4129 1096 4193 ciica,
1111 4127 1231 4186 offendet
1245 4146 1299 4187 non
1317 4146 1407 4255 εἶναι
1426 4133 1494 4187 nvira
1512 4133 1669 4189 confusione
1683 4134 1802 4203 inversa,

166 4208 222 4254 tur.
233 4199 289 4257 Nec
299 4201 346 4257 uiii
359 4203 618 4260 mimmessedebet
628 4203 700 4272 quod
711 4202 738 4258 ιιι
751 4200 877 4257 ultimisc
896 4201 958 4256 itio·
1009 4199 1160 4269 prasertim
1175 4199 1219 4255 ubi
1233 4200 1267 4256 de
1280 4201 1314 4257 de
1354 4202 1482 4257 itionibus
1494 4212 1522 4257 et
1534 4202 1568 4259 de
1580 4202 1803 4273 interpretatione

167 4270 248 4326 nibus
263 4285 297 4327 ea
310 4273 393 4328 rerba
417 4272 536 4329 notrdmn
554 4274 655 4329 fuerint
676 4282 825 4342 expuncta;
839 4270 867 4326 hi
885 4271 958 4326 enim
1011 4271 1109 4338 agitur.
1123 4267 1178 4326 Nos
1190 4271 1282 4327 omniu
1294 4272 1461 4328 restituimus
1477 4272 1505 4326 in
1516 4287 1593 4327 suurn
1607 4288 1742 4344 quemque
1759 4273 1802 4329 lo-

167 4338 240 4405 iibri,
265 4339 328 4397 licet
349 4342 431 4398 toties
453 4342 591 4413 impressi,
615 4358 680 4409 suos
704 4351 796 4397 tamen
817 4356 907 4397 trevas
930 4347 959 4395 et
1010 4353 1074 4394 cum
1085 4338 1163 4407 juxta
1176 4354 1241 4396 mss.
1256 4341 1380 4397 codicum
1393 4341 1484 4408 lideru,
1499 4342 1596 4412 qubus
1615 4343 1695 4399 unice
1708 4342 1802 4399 adbe-

167 4408 258 4465 biatus
279 4412 413 4468 maximos
434 4428 490 4469 uon
512 4414 637 4479 amisere,
653 4422 683 4469 ut
702 4411 730 4468 in
753 4426 831 4482 capp.
856 4410 899 4477 li,
924 4408 958 4466 ts
1011 4409 1105 4464 simus.

167 4487 196 4534 et
209 4477 256 4547 ιιι.
270 4480 413 4537 advertere
425 4480 510 4539 licuit.
525 4483 565 4538 dd
578 4497 627 4539 eos
640 4482 813 4553 corrigendos
826 4488 855 4538 et
867 4496 959 4537 resar-
1046 4475 1126 4534 circa
1146 4478 1243 4535 librum
1266 4480 1301 4536 de
1324 4479 1499 4536 dritbmetica
1520 4479 1635 4539 sufficiat
1656 4480 1804 4541 adnotasse

167 4548 280 4605 ιιειιιιιι
291 4551 332 4606 usi
344 4566 436 4607 sumus
447 4553 643 4624 antiquioribus
655 4552 818 4613 membranis
827 4552 960 4622 quingen·
975 4548 1084 4618 [iquod
1099 4547 1125 4602 in
1138 4550 1218 4605 editis
1230 4548 1301 4605 istud
1314 4552 1445 4605 monitum
1460 4550 1557 4622 legitur
1571 4551 1648 4608 initio
1661 4551 1679 4606 5
1691 4552 1803 4610 divisio·

168 4628 259 4673 torum
276 4620 312 4675 ad
329 4620 417 4677 miuus
435 4637 577 4689 annorum,
595 4638 663 4695 quas
680 4621 885 4693 suppeditarunt
903 4629 960 4676 tum
1013 4620 1079 4674 nis:
1095 4617 1651 4694 ffeelltlioisioudjmtueat,qtoeinnvs.
1668 4624 1803 4679 desidere-

168 4686 332 4746 bibliotbeca
346 4691 701 4759 moissiacensium
720 4692 913 4747 morrasterium
925 4691 960 4747 ds
1013 4688 1168 4745 beturrsed
1182 4691 1253 4746 unde
1266 4690 1462 4761 autquomodo
1476 4693 1619 4762 desumpta
1640 4695 1677 4749 sit
1696 4696 1804 4764 penitius

168 4755 267 4814 Noain
279 4758 398 4817 confinio
418 4759 620 4819 Ebroicensium
640 4770 667 4817 et
679 4760 889 4819 combensium.
904 4759 960 4817 Nec
1013 4767 1130 4825 tacetur,
1151 4774 1240 4830 neque
1258 4776 1309 4816 nos
1322 4760 1443 4816 divinare
1459 4776 1612 4835 possumus,
1634 4763 1722 4820 Unum
1744 4772 1805 4820 tan·

169 4826 259 4885 misus
275 4828 389 4887 feliciter
406 4832 478 4888 nacti
499 4847 592 4888 sumus
611 4832 802 4900 castigationes
817 4831 959 4903 plurimas,
1014 4837 1070 4884 turn
1090 4831 1204 4907 scimus,
1229 4831 1301 4901 qnod
1321 4846 1354 4887 ea
1371 4844 1431 4902 qum
1449 4831 1484 4886 ibi
1506 4832 1580 4889 edita
1602 4843 1673 4897 sunt,
1694 4834 1804 4889 amitino

167 4911 236 5021 quas
244 4914 281 4955 ex
294 4899 356 4957 aliis
367 4915 432 4957 mss.
444 4902 583 4959 codicibus
595 4902 777 4972 exscripserat
788 4901 960 4958 doctissimus
1012 4900 1138 4956 diilerani
1163 4901 1197 4955 ab
1221 4901 1254 4956 iis
1276 4916 1337 4972 que
1356 4901 1383 4956 in
1404 4916 1469 4957 mss.
1496 4904 1595 4958 nostris
1619 4904 1800 4974 reperiuntur.

186 4976 288 5033 uretra,
300 4979 328 5027 et
337 4968 414 5041 plura
426 4972 613 5042 subjunximus
624 4972 660 5028 ab
673 4987 707 5029 eo
721 4973 749 5028 iu
763 4972 834 5029 bunc
851 4970 958 5028 Cassio·
1013 4971 1183 5051 Quapropter
1202 4972 1310 5027 ueritati
1328 4980 1437 5027 cautum
1459 4971 1596 5039 volentes,
1618 4973 1660 5028 bis
1678 4972 1804 5029 omnibuis

169 5036 228 5094 dori
241 5038 340 5095 librum
351 5041 504 5099 observata.
1013 5042 1132 5109 retectis,
1148 5041 1247 5097 nostris
1261 5049 1365 5099 tantum
1388 5042 1554 5098 membranis
1573 5043 1703 5098 verbatim
1721 5052 1749 5098 et
1768 5044 1804 5099 ad

205 5108 328 5165 Libcrde
342 5109 472 5167 flumenis
486 5111 593 5168 Litteris
606 5111 767 5169 tractatibus
783 5120 898 5184 septem,
913 5111 962 5169 sed
1013 5109 1132 5166 litteram
1151 5110 1305 5168 institimus.
1320 5108 1350 5166 ln
1364 5111 1416 5167 boc
1429 5110 1525 5167 codice
1538 5112 1567 5167 S.
1577 5111 1716 5168 icermani
1736 5113 1805 5172 siim

169 5179 362 5248 compendiose
374 5181 442 5237 satis
454 5182 611 5239 absolvitur.
627 5181 667 5237 De
687 5182 874 5250 cruntmotieu,
890 5181 960 5239 iiie-
1013 5180 1197 5237 Aritbmeticm
1211 5180 1316 5239 libellus
1326 5180 1484 5250 subjicitur,
1498 5181 1539 5238 sic
1558 5182 1701 5253 inscriptus
1716 5200 1722 5235 :
1737 5181 1803 5239 cred

169 5248 263 5314 turice,
277 5247 433 5319 butemim,
444 5253 622 5318 Aritlimetieu,
638 5251 751 5319 Murice,
763 5251 921 5319 Geometriu,
935 5261 973 5311 st·
1012 5253 1122 5307 merium
1139 5250 1324 5310 Ariifrmetieoe.
1343 5250 1398 5307 Sed
1411 5251 1475 5320 quia
1489 5252 1614 5323 synopsis
1626 5261 1669 5309 est
1681 5268 1730 5309 seu
1742 5253 1806 5310 bre-

168 5318 348 5375 Aatronuntiu.
362 5319 457 5377 Editus
466 5321 516 5378 fuit
527 5339 588 5379 cum
599 5323 824 5380 librodeliivinis
836 5321 960 5391 Litteris;
1013 5322 1054 5377 vis
1077 5322 1203 5378 collectio
1227 5321 1405 5390 qrrorumdam
1431 5322 1550 5392 capitum
1578 5321 1638 5378 libri
1663 5324 1743 5394 primi
1770 5323 1806 5381 de

168 5386 219 5469 ted
236 5387 407 5446 librariortm
422 5392 526 5449 inscitia
548 5394 588 5451 sic
605 5396 781 5465 depravatus,
805 5395 916 5451 mutilus
934 5402 963 5450 et
1013 5391 1190 5448 Aritbrnetica
1216 5389 1339 5447 Severini
1365 5388 1467 5472 Boetii,
1491 5406 1551 5446 eam
1577 5392 1639 5448 ideo
1664 5395 1804 5464 preterire

170 5458 285 5523 basiem,
301 5468 331 5515 ut
344 5475 407 5517 eum
420 5464 466 5518 rix
480 5478 623 5534 agnoscas,
636 5466 659 5520 si
672 5480 735 5520 cum
747 5465 799 5522 isto
827 5480 890 5521 nem
900 5464 958 5530 tibi,
1013 5461 1161 5518 consultius
1171 5461 1258 5518 visum
1270 5469 1322 5528 est,
1335 5475 1396 5517 cum
1407 5470 1477 5517 mter
1486 5476 1569 5532 opera
1580 5462 1667 5520 Boetii
1678 5464 1804 5522 faciiiinae

169 5526 269 5595 lector,
285 5528 395 5613 damus,
409 5532 533 5592 conferre
546 5535 675 5591 volueris.
690 5533 799 5591 Auxilio
808 5479 861 5590 fuit
874 5534 961 5614 cotittx⁸
1014 5532 1100 5602 possit
1112 5531 1235 5612 inveniri.

168 5596 198 5652 ir.
217 5598 345 5656 cermaur
366 5601 515 5671 Pratensis,
536 5606 614 5674 cuius
637 5613 744 5661 eutem
768 5604 802 5662 ad
826 5604 961 5660 llineman
1052 5599 1240 5670 Plurimaque
1256 5598 1290 5655 ad
1304 5599 1438 5656 elementa
1452 5602 1608 5672 geometriae
1626 5605 1763 5674 pertinent
1776 5604 1803 5661 in

172 5664 331 5726 llbemensis
344 5680 467 5743 tempora
478 5673 608 5731 referunt.
624 5674 680 5731 Nee
692 5675 811 5731 nrinores
823 5674 962 5746 suppetias
1015 5669 1168 5726 cassiodori
1181 5670 1267 5726 nostri
1282 5670 1356 5725 libris
1368 5670 1499 5727 hactenus
1513 5673 1591 5728 editis
1604 5676 1726 5743 deerant,
1740 5674 1804 5731 iicet
1820 5713 1822 5719 ,

171 5738 231 5794 tulit
245 5737 278 5794 li.
294 5738 325 5795 P.
339 5740 455 5799 doninus
468 5743 562 5800 Simon
582 5745 691 5813 Bougis,
707 5742 847 5800 reverendi
862 5743 960 5799 admo·
1014 5756 1048 5797 ea
1058 5742 1085 5796 in
1098 5740 1154 5796 suis
1168 5741 1195 5797 in
1209 5738 1330 5796 Psalmos
1342 5738 1550 5798 cmnmcntariis
1560 5742 1706 5814 aliquando
1720 5747 1802 5810 citet,

173 5804 236 5865 duur
252 5807 338 5867 Patris
353 5812 384 5866 ti.
400 5810 533 5872 Vincentii
546 5810 672 5873 lfarsollc
684 5813 832 5887 superioris
848 5827 961 5887 gonera-
1015 5812 1060 5870 vci
1082 5809 1116 5867 ad
1140 5809 1186 5869 iila
1212 5810 1341 5871 lectorem
1364 5814 1500 5884 remittat,
1528 5821 1557 5869 ut
1584 5817 1610 5869 in
1636 5816 1805 5887 expositione
