<?xml version="1.0" encoding="UTF-8"?>
<!DOCTYPE html PUBLIC "-//W3C//DTD XHTML 1.0 Transitional//EN"
    "http://www.w3.org/TR/xhtml1/DTD/xhtml1-transitional.dtd">
<html xmlns="http://www.w3.org/1999/xhtml" xml:lang="en" lang="en">
 <head>
  <title>
</title>
<meta http-equiv="Content-Type" content="text/html;charset=utf-8" />
  <meta name='ocr-system' content='tesseract 3.04.00' />
  <meta name='ocr-capabilities' content='ocr_page ocr_carea ocr_par ocr_line ocrx_word'/>
</head>
<body>
  <div class='ocr_page' id='page_1' title='image "./patrologiaecurs144unkngoog_0454.png"; bbox 0 0 4059 6184; ppageno 0'>
   <div class='ocr_carea' id='block_1_1' title="bbox 218 211 269 278">
    <p class='ocr_par' dir='ltr' id='par_1_1' title="bbox 218 211 269 278">
     <span class='ocr_line' id='line_1_1' title="bbox 218 211 269 278; baseline 0 0"><span class='ocrx_word' id='word_1_1' title='bbox 218 211 269 278; x_wconf 75' lang='grc' dir='ltr'>ιιι</span> 
     </span>
    </p>
   </div>
   <div class='ocr_carea' id='block_1_2' title="bbox 860 247 1237 315">
    <p class='ocr_par' dir='ltr' id='par_1_2' title="bbox 860 247 1237 315">
     <span class='ocr_line' id='line_1_2' title="bbox 860 247 1237 315; baseline 0.032 -13"><span class='ocrx_word' id='word_1_2' title='bbox 860 247 1041 311; x_wconf 80' lang='lat' dir='ltr'>vatittnbtt</span> <span class='ocrx_word' id='word_1_3' title='bbox 1058 256 1159 312; x_wconf 73' lang='lat' dir='ltr'>LfBlin</span> <span class='ocrx_word' id='word_1_4' title='bbox 1182 257 1237 315; x_wconf 83' lang='lat' dir='ltr'>titt.</span> 
     </span>
    </p>
   </div>
   <div class='ocr_carea' id='block_1_3' title="bbox 1737 282 1859 348">
    <p class='ocr_par' dir='ltr' id='par_1_3' title="bbox 1737 282 1859 348">
     <span class='ocr_line' id='line_1_3' title="bbox 1737 282 1859 348; baseline 0.025 -12"><span class='ocrx_word' id='word_1_5' title='bbox 1737 335 1745 348; x_wconf 82' lang='grc'><em>,</em></span> <span class='ocrx_word' id='word_1_6' title='bbox 1806 282 1859 340; x_wconf 79' lang='lat'>878</span> 
     </span>
    </p>
   </div>
   <div class='ocr_carea' id='block_1_4' title="bbox 215 349 1859 455">
    <p class='ocr_par' dir='ltr' id='par_1_4' title="bbox 215 349 1859 455">
     <span class='ocr_line' id='line_1_4' title="bbox 215 349 1859 455; baseline 0.032 -63"><span class='ocrx_word' id='word_1_7' title='bbox 215 350 389 409; x_wconf 82' lang='lat' dir='ltr'>procreatas:</span> <span class='ocrx_word' id='word_1_8' title='bbox 405 360 528 405; x_wconf 87' lang='lat' dir='ltr'>asserens</span> <span class='ocrx_word' id='word_1_9' title='bbox 539 349 571 405; x_wconf 91' lang='lat' dir='ltr'>ad</span> <span class='ocrx_word' id='word_1_10' title='bbox 584 359 686 410; x_wconf 89' lang='lat' dir='ltr'>tautam</span> <span class='ocrx_word' id='word_1_11' title='bbox 704 357 842 434; x_wconf 81' lang='lat' dir='ltr'>penuriam</span> <span class='ocrx_word' id='word_1_12' title='bbox 856 363 1009 432; x_wconf 88' lang='lat' dir='ltr'>provincia·</span> <span class='ocrx_word' id='word_1_13' title='bbox 1026 372 1048 432; x_wconf 73' lang='grc' dir='ltr'>Α</span> <span class='ocrx_word' id='word_1_14' title='bbox 1062 369 1107 437; x_wconf 72' lang='lat' dir='ltr'>tlui</span> <span class='ocrx_word' id='word_1_15' title='bbox 1122 372 1274 427; x_wconf 71' lang='lat' dir='ltr'>sanctitatis</span> <span class='ocrx_word' id='word_1_16' title='bbox 1294 382 1388 432; x_wconf 69' lang='lat' dir='ltr'>vestras</span> <span class='ocrx_word' id='word_1_17' title='bbox 1403 377 1617 438; x_wconf 79' lang='lat' dir='ltr'>ordinationibus</span> <span class='ocrx_word' id='word_1_18' title='bbox 1640 385 1770 455; x_wconf 77' lang='lat' dir='ltr'>obsecuti,</span> <span class='ocrx_word' id='word_1_19' title='bbox 1793 390 1859 444; x_wconf 66' lang='lat' dir='ltr'>reiicit</span> 
     </span>
    </p>
   </div>
   <div class='ocr_carea' id='block_1_5' title="bbox 155 429 1011 2519">
    <p class='ocr_par' dir='ltr' id='par_1_5' title="bbox 155 429 1011 2519">
     <span class='ocr_line' id='line_1_5' title="bbox 215 429 1011 516; baseline 0.031 -32"><span class='ocrx_word' id='word_1_20' title='bbox 215 429 278 484; x_wconf 88' lang='lat' dir='ltr'>lium</span> <span class='ocrx_word' id='word_1_21' title='bbox 294 436 449 500; x_wconf 79' lang='lat' dir='ltr'>peruenisse</span> <span class='ocrx_word' id='word_1_22' title='bbox 465 437 597 510; x_wconf 78' lang='lat' dir='ltr'>fortunas,</span> <span class='ocrx_word' id='word_1_23' title='bbox 618 451 647 498; x_wconf 92' lang='lat' dir='ltr'>ut</span> <span class='ocrx_word' id='word_1_24' title='bbox 661 445 723 500; x_wconf 79' lang='lat' dir='ltr'>vitae</span> <span class='ocrx_word' id='word_1_25' title='bbox 741 448 860 516; x_wconf 86' lang='lat' dir='ltr'>pericula</span> <span class='ocrx_word' id='word_1_26' title='bbox 878 452 1011 508; x_wconf 88' lang='lat' dir='ltr'>sustinere</span> 
     </span>
     <span class='ocr_line' id='line_1_6' title="bbox 214 523 1011 606; baseline 0.033 -30"><span class='ocrx_word' id='word_1_27' title='bbox 214 523 336 594; x_wconf 81' lang='lat' dir='ltr'>possint,</span> <span class='ocrx_word' id='word_1_28' title='bbox 360 527 410 582; x_wconf 91' lang='lat' dir='ltr'>nisi</span> <span class='ocrx_word' id='word_1_29' title='bbox 433 529 472 585; x_wconf 90' lang='lat' dir='ltr'>eis</span> <span class='ocrx_word' id='word_1_30' title='bbox 498 532 586 603; x_wconf 88' lang='lat' dir='ltr'>pietas</span> <span class='ocrx_word' id='word_1_31' title='bbox 615 537 714 606; x_wconf 86' lang='lat' dir='ltr'>regalis</span> <span class='ocrx_word' id='word_1_32' title='bbox 736 540 817 597; x_wconf 90' lang='lat' dir='ltr'>solita</span> <span class='ocrx_word' id='word_1_33' title='bbox 843 542 1011 602; x_wconf 80' lang='lat' dir='ltr'>humanitate</span> 
     </span>
     <span class='ocr_line' id='line_1_7' title="bbox 213 616 1010 705; baseline 0.035 -40"><span class='ocrx_word' id='word_1_34' title='bbox 213 616 392 684; x_wconf 76' lang='lat' dir='ltr'>prospexerit</span> <span class='ocrx_word' id='word_1_35' title='bbox 408 617 485 685; x_wconf 85' lang='lat' dir='ltr'>Quod</span> <span class='ocrx_word' id='word_1_36' title='bbox 501 621 578 678; x_wconf 89' lang='lat' dir='ltr'>nobis</span> <span class='ocrx_word' id='word_1_37' title='bbox 590 625 700 682; x_wconf 88' lang='lat' dir='ltr'>crudele</span> <span class='ocrx_word' id='word_1_38' title='bbox 713 628 800 684; x_wconf 90' lang='lat' dir='ltr'>visum</span> <span class='ocrx_word' id='word_1_39' title='bbox 815 639 864 700; x_wconf 89' lang='lat' dir='ltr'>est,</span> <span class='ocrx_word' id='word_1_40' title='bbox 879 634 979 705; x_wconf 91' lang='lat' dir='ltr'>aliquid</span> <span class='ocrx_word' id='word_1_41' title='bbox 994 652 1010 692; x_wconf 94' lang='lat' dir='ltr'>a</span> 
     </span>
     <span class='ocr_line' id='line_1_8' title="bbox 212 705 1009 797; baseline 0.036 -40"><span class='ocrx_word' id='word_1_42' title='bbox 212 705 367 774; x_wconf 90' lang='lat' dir='ltr'>petentibus</span> <span class='ocrx_word' id='word_1_43' title='bbox 381 711 534 780; x_wconf 89' lang='lat' dir='ltr'>postulare;</span> <span class='ocrx_word' id='word_1_44' title='bbox 549 720 577 770; x_wconf 91' lang='lat' dir='ltr'>et</span> <span class='ocrx_word' id='word_1_45' title='bbox 588 717 653 773; x_wconf 91' lang='lat' dir='ltr'>illud</span> <span class='ocrx_word' id='word_1_46' title='bbox 668 734 788 790; x_wconf 87' lang='lat' dir='ltr'>sperare,</span> <span class='ocrx_word' id='word_1_47' title='bbox 804 735 857 793; x_wconf 91' lang='lat' dir='ltr'>quo</span> <span class='ocrx_word' id='word_1_48' title='bbox 871 729 1009 797; x_wconf 90' lang='lat' dir='ltr'>provincia</span> 
     </span>
     <span class='ocr_line' id='line_1_9' title="bbox 212 799 1009 893; baseline 0.031 -41"><span class='ocrx_word' id='word_1_49' title='bbox 212 799 528 874; x_wconf 85' lang='lat' dir='ltr'>cognosciturindigerc.</span> <span class='ocrx_word' id='word_1_50' title='bbox 543 807 564 860; x_wconf 83' lang='lat' dir='ltr'>h</span> <span class='ocrx_word' id='word_1_51' title='bbox 580 809 678 865; x_wconf 89' lang='lat' dir='ltr'>talibus</span> <span class='ocrx_word' id='word_1_52' title='bbox 696 814 767 868; x_wconf 90' lang='lat' dir='ltr'>enim</span> <span class='ocrx_word' id='word_1_53' title='bbox 787 817 859 874; x_wconf 90' lang='lat' dir='ltr'>sulas</span> <span class='ocrx_word' id='word_1_54' title='bbox 876 817 1009 893; x_wconf 86' lang='lat' dir='ltr'>lacrymas</span> 
     </span>
     <span class='ocr_line' id='line_1_10' title="bbox 211 889 1008 982; baseline 0.033 -39"><span class='ocrx_word' id='word_1_55' title='bbox 211 890 304 959; x_wconf 78' lang='lat' dir='ltr'>exigit,</span> <span class='ocrx_word' id='word_1_56' title='bbox 330 889 377 962; x_wconf 90' lang='lat' dir='ltr'>qui</span> <span class='ocrx_word' id='word_1_57' title='bbox 396 894 469 962; x_wconf 86' lang='lat' dir='ltr'>quod</span> <span class='ocrx_word' id='word_1_58' title='bbox 491 913 544 952; x_wconf 92' lang='lat' dir='ltr'>non</span> <span class='ocrx_word' id='word_1_59' title='bbox 571 899 863 982; x_wconf 53' lang='lat' dir='ltr'>invenitur„intponit.</span> <span class='ocrx_word' id='word_1_60' title='bbox 888 908 922 964; x_wconf 86' lang='lat' dir='ltr'>Et</span> <span class='ocrx_word' id='word_1_61' title='bbox 946 912 1008 968; x_wconf 93' lang='lat' dir='ltr'>idco</span> 
     </span>
     <span class='ocr_line' id='line_1_11' title="bbox 211 980 1006 1069; baseline 0.029 -36"><span class='ocrx_word' id='word_1_62' title='bbox 211 980 279 1035; x_wconf 88' lang='lat' dir='ltr'>tanti</span> <span class='ocrx_word' id='word_1_63' title='bbox 304 980 353 1035; x_wconf 88' lang='lat' dir='ltr'>viri</span> <span class='ocrx_word' id='word_1_64' title='bbox 375 981 538 1053; x_wconf 77' lang='lat' dir='ltr'>allegatione</span> <span class='ocrx_word' id='word_1_65' title='bbox 561 991 688 1059; x_wconf 80' lang='lat' dir='ltr'>peruncti,</span> <span class='ocrx_word' id='word_1_66' title='bbox 713 992 805 1048; x_wconf 85' lang='lat' dir='ltr'>vinvrm</span> <span class='ocrx_word' id='word_1_67' title='bbox 828 1006 856 1052; x_wconf 91' lang='lat' dir='ltr'>et</span> <span class='ocrx_word' id='word_1_68' title='bbox 878 999 1006 1069; x_wconf 83' lang='lat' dir='ltr'>triticum,</span> 
     </span>
     <span class='ocr_line' id='line_1_12' title="bbox 181 1069 1006 1154; baseline 0.027 -32"><span class='ocrx_word' id='word_1_69' title='bbox 181 1095 185 1102; x_wconf 90' lang='lat'><strong>·</strong></span> <span class='ocrx_word' id='word_1_70' title='bbox 209 1069 284 1139; x_wconf 87' lang='lat' dir='ltr'>quod</span> <span class='ocrx_word' id='word_1_71' title='bbox 303 1086 353 1128; x_wconf 92' lang='lat' dir='ltr'>nos</span> <span class='ocrx_word' id='word_1_72' title='bbox 372 1071 546 1143; x_wconf 89' lang='lat' dir='ltr'>inapparatu</span> <span class='ocrx_word' id='word_1_73' title='bbox 569 1079 714 1145; x_wconf 82' lang='lat' dir='ltr'>exercitus,</span> <span class='ocrx_word' id='word_1_74' title='bbox 742 1097 776 1137; x_wconf 83' lang='lat' dir='ltr'>ex</span> <span class='ocrx_word' id='word_1_75' title='bbox 797 1082 1006 1154; x_wconf 86' lang='lat' dir='ltr'>Concordiensc,</span> 
     </span>
     <span class='ocr_line' id='line_1_13' title="bbox 208 1162 1008 1249; baseline 0.029 -33"><span class='ocrx_word' id='word_1_76' title='bbox 208 1162 382 1233; x_wconf 77' lang='lat' dir='ltr'>Aquileiense</span> <span class='ocrx_word' id='word_1_77' title='bbox 401 1174 429 1221; x_wconf 90' lang='lat' dir='ltr'>et</span> <span class='ocrx_word' id='word_1_78' title='bbox 442 1166 628 1238; x_wconf 72' lang='lat' dir='ltr'>Foroiuliense</span> <span class='ocrx_word' id='word_1_79' title='bbox 648 1174 802 1232; x_wconf 87' lang='lat' dir='ltr'>civitatibus</span> <span class='ocrx_word' id='word_1_80' title='bbox 819 1180 947 1249; x_wconf 76' lang='lat' dir='ltr'>colligere</span> <span class='ocrx_word' id='word_1_81' title='bbox 970 1184 1008 1238; x_wconf 83' lang='lat' dir='ltr'>fe-</span> 
     </span>
     <span class='ocr_line' id='line_1_14' title="bbox 208 1251 1008 1329; baseline 0.024 -19"><span class='ocrx_word' id='word_1_82' title='bbox 208 1251 347 1322; x_wconf 86' lang='lat' dir='ltr'>ceramus,</span> <span class='ocrx_word' id='word_1_83' title='bbox 366 1258 491 1326; x_wconf 77' lang='lat' dir='ltr'>prasenti</span> <span class='ocrx_word' id='word_1_84' title='bbox 515 1262 679 1319; x_wconf 90' lang='lat' dir='ltr'>auctoritate</span> <span class='ocrx_word' id='word_1_85' title='bbox 701 1267 887 1325; x_wconf 88' lang='lat' dir='ltr'>remittimus:</span> <span class='ocrx_word' id='word_1_86' title='bbox 913 1288 1008 1329; x_wconf 81' lang='lat' dir='ltr'>carries</span> 
     </span>
     <span class='ocr_line' id='line_1_15' title="bbox 208 1349 1008 1435; baseline 0.026 -35"><span class='ocrx_word' id='word_1_87' title='bbox 208 1356 324 1414; x_wconf 89' lang='lat' dir='ltr'>tantum,</span> <span class='ocrx_word' id='word_1_88' title='bbox 338 1349 406 1406; x_wconf 84' lang='lat' dir='ltr'>siun</span> <span class='ocrx_word' id='word_1_89' title='bbox 417 1351 506 1407; x_wconf 83' lang='lat' dir='ltr'>brevis</span> <span class='ocrx_word' id='word_1_90' title='bbox 519 1354 595 1409; x_wconf 80' lang='lat' dir='ltr'>nohis</span> <span class='ocrx_word' id='word_1_91' title='bbox 607 1355 686 1410; x_wconf 88' lang='lat' dir='ltr'>datus</span> <span class='ocrx_word' id='word_1_92' title='bbox 696 1355 827 1426; x_wconf 77' lang='lat' dir='ltr'>continet,</span> <span class='ocrx_word' id='word_1_93' title='bbox 838 1363 935 1418; x_wconf 84' lang='lat' dir='ltr'>cxirnle</span> <span class='ocrx_word' id='word_1_94' title='bbox 946 1381 1008 1435; x_wconf 90' lang='lat' dir='ltr'>pru·</span> 
     </span>
     <span class='ocr_line' id='line_1_16' title="bbox 207 1437 1005 1518; baseline 0.024 -27"><span class='ocrx_word' id='word_1_95' title='bbox 207 1437 341 1495; x_wconf 88' lang='lat' dir='ltr'>videntes.</span> <span class='ocrx_word' id='word_1_96' title='bbox 357 1437 426 1495; x_wconf 84' lang='lat' dir='ltr'>ilinc</span> <span class='ocrx_word' id='word_1_97' title='bbox 440 1442 523 1509; x_wconf 86' lang='lat' dir='ltr'>enirn,</span> <span class='ocrx_word' id='word_1_98' title='bbox 544 1458 606 1499; x_wconf 89' lang='lat' dir='ltr'>enm</span> <span class='ocrx_word' id='word_1_99' title='bbox 626 1461 737 1504; x_wconf 87' lang='lat' dir='ltr'>neeesse</span> <span class='ocrx_word' id='word_1_100' title='bbox 759 1449 849 1518; x_wconf 89' lang='lat' dir='ltr'>fuerit,</span> <span class='ocrx_word' id='word_1_101' title='bbox 870 1452 1005 1510; x_wconf 74' lang='lat' dir='ltr'>sufficiam</span> 
     </span>
     <span class='ocr_line' id='line_1_17' title="bbox 207 1530 1006 1621; baseline 0.023 -38"><span class='ocrx_word' id='word_1_102' title='bbox 207 1537 263 1584; x_wconf 89' lang='lat' dir='ltr'>tem</span> <span class='ocrx_word' id='word_1_103' title='bbox 276 1530 358 1587; x_wconf 87' lang='lat' dir='ltr'>tritici</span> <span class='ocrx_word' id='word_1_104' title='bbox 371 1532 489 1601; x_wconf 90' lang='lat' dir='ltr'>speeiem</span> <span class='ocrx_word' id='word_1_105' title='bbox 503 1533 679 1592; x_wconf 88' lang='lat' dir='ltr'>destinamus.</span> <span class='ocrx_word' id='word_1_106' title='bbox 696 1536 731 1593; x_wconf 83' lang='lat' dir='ltr'>Et</span> <span class='ocrx_word' id='word_1_107' title='bbox 743 1543 872 1621; x_wconf 85' lang='lat' dir='ltr'>quoniam</span> <span class='ocrx_word' id='word_1_108' title='bbox 884 1543 910 1599; x_wconf 94' lang='lat' dir='ltr'>in</span> <span class='ocrx_word' id='word_1_109' title='bbox 932 1546 1006 1601; x_wconf 90' lang='lat' dir='ltr'>fstria</span> 
     </span>
     <span class='ocr_line' id='line_1_18' title="bbox 155 1621 1005 1706; baseline 0.024 -33"><span class='ocrx_word' id='word_1_110' title='bbox 155 1687 162 1694; x_wconf 82' lang='lat'><em>.</em></span> <span class='ocrx_word' id='word_1_111' title='bbox 206 1621 301 1677; x_wconf 87' lang='lat' dir='ltr'>vinum</span> <span class='ocrx_word' id='word_1_112' title='bbox 332 1622 441 1679; x_wconf 88' lang='lat' dir='ltr'>ahunde</span> <span class='ocrx_word' id='word_1_113' title='bbox 465 1632 559 1680; x_wconf 89' lang='lat' dir='ltr'>natum</span> <span class='ocrx_word' id='word_1_114' title='bbox 592 1643 652 1684; x_wconf 89' lang='lat' dir='ltr'>esse</span> <span class='ocrx_word' id='word_1_115' title='bbox 679 1633 873 1703; x_wconf 89' lang='lat' dir='ltr'>comperimus,</span> <span class='ocrx_word' id='word_1_116' title='bbox 898 1638 1005 1706; x_wconf 80' lang='lat' dir='ltr'>exinde,</span> 
     </span>
     <span class='ocr_line' id='line_1_19' title="bbox 206 1713 1004 1799; baseline 0.021 -36"><span class='ocrx_word' id='word_1_117' title='bbox 206 1719 338 1782; x_wconf 88' lang='lat' dir='ltr'>quantum</span> <span class='ocrx_word' id='word_1_118' title='bbox 365 1713 400 1769; x_wconf 90' lang='lat' dir='ltr'>de</span> <span class='ocrx_word' id='word_1_119' title='bbox 425 1716 588 1786; x_wconf 88' lang='lat' dir='ltr'>supradictis</span> <span class='ocrx_word' id='word_1_120' title='bbox 615 1719 768 1778; x_wconf 89' lang='lat' dir='ltr'>civitatibus</span> <span class='ocrx_word' id='word_1_121' title='bbox 791 1735 927 1796; x_wconf 87' lang='lat' dir='ltr'>speratum</span> <span class='ocrx_word' id='word_1_122' title='bbox 952 1741 1004 1799; x_wconf 82' lang='lat' dir='ltr'>est,</span> 
     </span>
     <span class='ocr_line' id='line_1_20' title="bbox 206 1803 1004 1889; baseline 0.026 -33"><span class='ocrx_word' id='word_1_123' title='bbox 206 1803 354 1873; x_wconf 88' lang='lat' dir='ltr'>postulate,</span> <span class='ocrx_word' id='word_1_124' title='bbox 371 1805 441 1861; x_wconf 88' lang='lat' dir='ltr'>sieut</span> <span class='ocrx_word' id='word_1_125' title='bbox 463 1807 489 1862; x_wconf 92' lang='lat' dir='ltr'>in</span> <span class='ocrx_word' id='word_1_126' title='bbox 506 1809 565 1865; x_wconf 92' lang='lat' dir='ltr'>foro</span> <span class='ocrx_word' id='word_1_127' title='bbox 582 1826 672 1867; x_wconf 90' lang='lat' dir='ltr'>rerum</span> <span class='ocrx_word' id='word_1_128' title='bbox 694 1816 830 1871; x_wconf 86' lang='lat' dir='ltr'>venalium</span> <span class='ocrx_word' id='word_1_129' title='bbox 853 1822 1004 1889; x_wconf 85' lang='lat' dir='ltr'>reperitur:</span> 
     </span>
     <span class='ocr_line' id='line_1_21' title="bbox 206 1897 1005 1982; baseline 0.026 -35"><span class='ocrx_word' id='word_1_130' title='bbox 206 1903 343 1963; x_wconf 89' lang='lat' dir='ltr'>quatenus</span> <span class='ocrx_word' id='word_1_131' title='bbox 353 1909 406 1952; x_wconf 89' lang='lat' dir='ltr'>nee</span> <span class='ocrx_word' id='word_1_132' title='bbox 420 1898 471 1967; x_wconf 92' lang='lat' dir='ltr'>ipsi</span> <span class='ocrx_word' id='word_1_133' title='bbox 486 1897 546 1954; x_wconf 82' lang='lat' dir='ltr'>laedi</span> <span class='ocrx_word' id='word_1_134' title='bbox 561 1903 675 1971; x_wconf 85' lang='lat' dir='ltr'>possint,</span> <span class='ocrx_word' id='word_1_135' title='bbox 695 1919 755 1960; x_wconf 88' lang='lat' dir='ltr'>cum</span> <span class='ocrx_word' id='word_1_136' title='bbox 770 1907 810 1962; x_wconf 89' lang='lat' dir='ltr'>eis</span> <span class='ocrx_word' id='word_1_137' title='bbox 828 1911 914 1981; x_wconf 89' lang='lat' dir='ltr'>pretia</span> <span class='ocrx_word' id='word_1_138' title='bbox 933 1913 1005 1982; x_wconf 88' lang='lat' dir='ltr'>justa</span> 
     </span>
     <span class='ocr_line' id='line_1_22' title="bbox 205 1987 1003 2069; baseline 0.028 -30"><span class='ocrx_word' id='word_1_139' title='bbox 205 1995 357 2043; x_wconf 87' lang='lat' dir='ltr'>servantur.</span> <span class='ocrx_word' id='word_1_140' title='bbox 373 1987 545 2061; x_wconf 81' lang='lat' dir='ltr'>Quapropter</span> <span class='ocrx_word' id='word_1_141' title='bbox 559 2003 720 2064; x_wconf 80' lang='lat' dir='ltr'>presentem</span> <span class='ocrx_word' id='word_1_142' title='bbox 730 1997 921 2069; x_wconf 86' lang='lat' dir='ltr'>indulgentiam</span> <span class='ocrx_word' id='word_1_143' title='bbox 931 2007 1003 2062; x_wconf 89' lang='lat' dir='ltr'>nulla</span> 
     </span>
     <span class='ocr_line' id='line_1_23' title="bbox 204 2080 1004 2155; baseline 0.026 -21"><span class='ocrx_word' id='word_1_144' title='bbox 204 2080 322 2137; x_wconf 79' lang='lat' dir='ltr'>crerhtis</span> <span class='ocrx_word' id='word_1_145' title='bbox 336 2083 484 2140; x_wconf 76' lang='lat' dir='ltr'>venalitate</span> <span class='ocrx_word' id='word_1_146' title='bbox 500 2087 660 2150; x_wconf 67' lang='lat' dir='ltr'>exaridum:</span> <span class='ocrx_word' id='word_1_147' title='bbox 682 2098 712 2145; x_wconf 87' lang='lat' dir='ltr'>ut</span> <span class='ocrx_word' id='word_1_148' title='bbox 731 2092 795 2146; x_wconf 91' lang='lat' dir='ltr'>duru</span> <span class='ocrx_word' id='word_1_149' title='bbox 814 2093 892 2149; x_wconf 88' lang='lat' dir='ltr'>fucrit</span> <span class='ocrx_word' id='word_1_150' title='bbox 916 2113 1004 2155; x_wconf 84' lang='lat' dir='ltr'>retne·</span> 
     </span>
     <span class='ocr_line' id='line_1_24' title="bbox 204 2171 1004 2256; baseline 0.024 -30"><span class='ocrx_word' id='word_1_151' title='bbox 204 2171 277 2227; x_wconf 79' lang='lat' dir='ltr'>diunt</span> <span class='ocrx_word' id='word_1_152' title='bbox 292 2174 449 2243; x_wconf 87' lang='lat' dir='ltr'>gratuitum,</span> <span class='ocrx_word' id='word_1_153' title='bbox 464 2178 550 2247; x_wconf 91' lang='lat' dir='ltr'>possit</span> <span class='ocrx_word' id='word_1_154' title='bbox 569 2180 688 2237; x_wconf 83' lang='lat' dir='ltr'>existere</span> <span class='ocrx_word' id='word_1_155' title='bbox 708 2183 882 2242; x_wconf 84' lang='lat' dir='ltr'>nihilominus</span> <span class='ocrx_word' id='word_1_156' title='bbox 903 2188 1004 2256; x_wconf 91' lang='lat' dir='ltr'>glorio-</span> 
     </span>
     <span class='ocr_line' id='line_1_25' title="bbox 203 2261 1000 2346; baseline 0.02 -27"><span class='ocrx_word' id='word_1_157' title='bbox 203 2279 274 2319; x_wconf 88' lang='lat' dir='ltr'>sum.</span> <span class='ocrx_word' id='word_1_158' title='bbox 289 2261 424 2322; x_wconf 85' lang='lat' dir='ltr'>Noveritis</span> <span class='ocrx_word' id='word_1_159' title='bbox 436 2267 508 2322; x_wconf 89' lang='lat' dir='ltr'>enim</span> <span class='ocrx_word' id='word_1_160' title='bbox 519 2271 595 2338; x_wconf 90' lang='lat' dir='ltr'>gravi</span> <span class='ocrx_word' id='word_1_161' title='bbox 606 2287 655 2327; x_wconf 87' lang='lat' dir='ltr'>vos</span> <span class='ocrx_word' id='word_1_162' title='bbox 666 2272 761 2342; x_wconf 84' lang='lat' dir='ltr'>subjici</span> <span class='ocrx_word' id='word_1_163' title='bbox 775 2290 856 2346; x_wconf 89' lang='lat' dir='ltr'>posse</span> <span class='ocrx_word' id='word_1_164' title='bbox 869 2278 1000 2346; x_wconf 80' lang='lat' dir='ltr'>vindictae,</span> 
     </span>
     <span class='ocr_line' id='line_1_26' title="bbox 203 2351 1002 2430; baseline 0.02 -21"><span class='ocrx_word' id='word_1_165' title='bbox 203 2351 313 2425; x_wconf 89' lang='lat' dir='ltr'>siquid</span> <span class='ocrx_word' id='word_1_166' title='bbox 336 2356 508 2414; x_wconf 85' lang='lat' dir='ltr'>interdictum</span> <span class='ocrx_word' id='word_1_167' title='bbox 534 2369 576 2415; x_wconf 91' lang='lat' dir='ltr'>est</span> <span class='ocrx_word' id='word_1_168' title='bbox 589 2360 657 2430; x_wconf 91' lang='lat' dir='ltr'>dari,</span> <span class='ocrx_word' id='word_1_169' title='bbox 680 2363 786 2420; x_wconf 86' lang='lat' dir='ltr'>archis</span> <span class='ocrx_word' id='word_1_170' title='bbox 809 2365 1002 2425; x_wconf 75' lang='lat' dir='ltr'>videaturne</span> 
     </span>
     <span class='ocr_line' id='line_1_27' title="bbox 201 2458 322 2519; baseline 0.008 -17"><span class='ocrx_word' id='word_1_171' title='bbox 201 2458 322 2519; x_wconf 86' lang='lat' dir='ltr'>ceptum.</span> 
     </span>
    </p>
   </div>
   <div class='ocr_carea' id='block_1_6' title="bbox 200 2602 999 2786">
    <p class='ocr_par' dir='ltr' id='par_1_6' title="bbox 200 2602 999 2786">
     <span class='ocr_line' id='line_1_28' title="bbox 453 2602 932 2686; baseline 0.025 -29"><span class='ocrx_word' id='word_1_172' title='bbox 453 2602 622 2661; x_wconf 81' lang='lat' dir='ltr'>setsrunn</span> <span class='ocrx_word' id='word_1_173' title='bbox 641 2607 747 2664; x_wconf 81' lang='lat' dir='ltr'>xxvii.</span> <span class='ocrx_word' id='word_1_174' title='bbox 842 2603 847 2613; x_wconf 86' lang='lat'>&#39;</span> <span class='ocrx_word' id='word_1_175' title='bbox 925 2665 932 2686; x_wconf 61' lang='lat'>„</span> 
     </span>
     <span class='ocr_line' id='line_1_29' title="bbox 200 2679 999 2786; baseline 0.025 -20"><span class='ocrx_word' id='word_1_176' title='bbox 200 2726 283 2768; x_wconf 69' lang='lat' dir='ltr'>harto</span> <span class='ocrx_word' id='word_1_177' title='bbox 299 2679 437 2771; x_wconf 57' lang='lat' dir='ltr'>‘mscopo</span> <span class='ocrx_word' id='word_1_178' title='bbox 469 2733 663 2777; x_wconf 71' lang='lat' dir='ltr'>uentotnasbst</span> <span class='ocrx_word' id='word_1_179' title='bbox 695 2739 815 2781; x_wconf 71' lang='lat' dir='ltr'>seauton</span> <span class='ocrx_word' id='word_1_180' title='bbox 839 2742 999 2786; x_wconf 62' lang='lat' dir='ltr'>nunecius</span> 
     </span>
    </p>
   </div>
   <div class='ocr_carea' id='block_1_7' title="bbox 501 2803 704 2858">
    <p class='ocr_par' dir='ltr' id='par_1_7' title="bbox 501 2803 704 2858">
     <span class='ocr_line' id='line_1_30' title="bbox 501 2803 704 2858; baseline 0.02 -13"><span class='ocrx_word' id='word_1_181' title='bbox 501 2804 644 2848; x_wconf 69' lang='lat' dir='ltr'>anesonto</span> <span class='ocrx_word' id='word_1_182' title='bbox 665 2803 704 2858; x_wconf 60' lang='grc' dir='ltr'>ι..</span> 
     </span>
    </p>
   </div>
   <div class='ocr_carea' id='block_1_8' title="bbox 199 2870 995 3018">
    <p class='ocr_par' dir='ltr' id='par_1_8' title="bbox 199 2870 995 3018">
     <span class='ocr_line' id='line_1_31' title="bbox 199 2870 995 2959; baseline 0.028 -34"><span class='ocrx_word' id='word_1_183' title='bbox 199 2870 284 2927; x_wconf 81' lang='lat' dir='ltr'>liittif</span> <span class='ocrx_word' id='word_1_184' title='bbox 310 2873 441 2945; x_wconf 74' lang='lat' dir='ltr'>ingentem</span> <span class='ocrx_word' id='word_1_185' title='bbox 460 2879 548 2948; x_wconf 87' lang='lat' dir='ltr'>punici</span> <span class='ocrx_word' id='word_1_186' title='bbox 573 2897 707 2936; x_wconf 81' lang='lat' dir='ltr'>nanterum</span> <span class='ocrx_word' id='word_1_187' title='bbox 738 2886 832 2956; x_wconf 83' lang='lat' dir='ltr'>populo</span> <span class='ocrx_word' id='word_1_188' title='bbox 859 2892 995 2959; x_wconf 63' lang='lat' dir='ltr'>maurinae</span> 
     </span>
     <span class='ocr_line' id='line_1_32' title="bbox 426 2949 770 3018; baseline 0.023 -18"><span class='ocrx_word' id='word_1_189' title='bbox 426 2949 536 3018; x_wconf 80' lang='lat' dir='ltr'>potienti</span> <span class='ocrx_word' id='word_1_190' title='bbox 551 2950 770 3008; x_wconf 83' lang='lat' dir='ltr'>distribuentium.</span> 
     </span>
    </p>
   </div>
   <div class='ocr_carea' id='block_1_9' title="bbox 233 3056 996 3142">
    <p class='ocr_par' dir='ltr' id='par_1_9' title="bbox 233 3056 996 3142">
     <span class='ocr_line' id='line_1_33' title="bbox 233 3056 996 3142; baseline 0.028 -31"><span class='ocrx_word' id='word_1_191' title='bbox 233 3056 324 3113; x_wconf 85' lang='lat' dir='ltr'>ltinus</span> <span class='ocrx_word' id='word_1_192' title='bbox 338 3059 448 3129; x_wconf 89' lang='lat' dir='ltr'>prodest</span> <span class='ocrx_word' id='word_1_193' title='bbox 467 3061 568 3118; x_wconf 93' lang='lat' dir='ltr'>honum</span> <span class='ocrx_word' id='word_1_194' title='bbox 593 3064 663 3139; x_wconf 82' lang='lat' dir='ltr'>[Ar.,</span> <span class='ocrx_word' id='word_1_195' title='bbox 687 3069 792 3142; x_wconf 80' lang='lat' dir='ltr'>verum]</span> <span class='ocrx_word' id='word_1_196' title='bbox 811 3070 917 3141; x_wconf 83' lang='lat' dir='ltr'>jubere,</span> <span class='ocrx_word' id='word_1_197' title='bbox 946 3074 996 3131; x_wconf 88' lang='lat' dir='ltr'>nisi</span> 
     </span>
    </p>
   </div>
   <div class='ocr_carea' id='block_1_10' title="bbox 1060 464 1904 1188">
    <p class='ocr_par' dir='ltr' id='par_1_10' title="bbox 1060 464 1904 1188">
     <span class='ocr_line' id='line_1_34' title="bbox 1062 464 1861 539; baseline 0.03 -24"><span class='ocrx_word' id='word_1_198' title='bbox 1062 477 1094 516; x_wconf 82' lang='lat' dir='ltr'>es</span> <span class='ocrx_word' id='word_1_199' title='bbox 1110 478 1140 518; x_wconf 89' lang='lat' dir='ltr'>se</span> <span class='ocrx_word' id='word_1_200' title='bbox 1155 464 1262 531; x_wconf 79' lang='lat' dir='ltr'>iaciant,</span> <span class='ocrx_word' id='word_1_201' title='bbox 1278 468 1325 522; x_wconf 87' lang='lat' dir='ltr'>scd</span> <span class='ocrx_word' id='word_1_202' title='bbox 1341 472 1526 529; x_wconf 90' lang='lat' dir='ltr'>tantummodo</span> <span class='ocrx_word' id='word_1_203' title='bbox 1539 477 1618 533; x_wconf 89' lang='lat' dir='ltr'>vohis</span> <span class='ocrx_word' id='word_1_204' title='bbox 1628 478 1737 535; x_wconf 88' lang='lat' dir='ltr'>obedite</span> <span class='ocrx_word' id='word_1_205' title='bbox 1747 491 1861 539; x_wconf 89' lang='lat' dir='ltr'>conten·</span> 
     </span>
     <span class='ocr_line' id='line_1_35' title="bbox 1062 555 1858 647; baseline 0.029 -39"><span class='ocrx_word' id='word_1_206' title='bbox 1062 555 1135 610; x_wconf 93' lang='lat' dir='ltr'>dant.</span> <span class='ocrx_word' id='word_1_207' title='bbox 1151 556 1236 613; x_wconf 84' lang='lat' dir='ltr'>Solidi</span> <span class='ocrx_word' id='word_1_208' title='bbox 1245 574 1311 616; x_wconf 88' lang='lat' dir='ltr'>vero</span> <span class='ocrx_word' id='word_1_209' title='bbox 1325 565 1418 631; x_wconf 90' lang='lat' dir='ltr'>quanti</span> <span class='ocrx_word' id='word_1_210' title='bbox 1431 579 1466 620; x_wconf 87' lang='lat' dir='ltr'>ex</span> <span class='ocrx_word' id='word_1_211' title='bbox 1478 568 1631 637; x_wconf 74' lang='lat' dir='ltr'>supradicta</span> <span class='ocrx_word' id='word_1_212' title='bbox 1644 573 1796 641; x_wconf 89' lang='lat' dir='ltr'>quantitate</span> <span class='ocrx_word' id='word_1_213' title='bbox 1807 591 1858 647; x_wconf 86' lang='lat' dir='ltr'>pa·</span> 
     </span>
     <span class='ocr_line' id='line_1_36' title="bbox 1062 643 1859 721; baseline 0.031 -25"><span class='ocrx_word' id='word_1_214' title='bbox 1062 643 1116 698; x_wconf 85' lang='lat' dir='ltr'>eici</span> <span class='ocrx_word' id='word_1_215' title='bbox 1132 647 1270 714; x_wconf 86' lang='lat' dir='ltr'>potuerint</span> <span class='ocrx_word' id='word_1_216' title='bbox 1285 654 1453 721; x_wconf 85' lang='lat' dir='ltr'>congregari,</span> <span class='ocrx_word' id='word_1_217' title='bbox 1470 664 1559 712; x_wconf 87' lang='lat' dir='ltr'>vestra</span> <span class='ocrx_word' id='word_1_218' title='bbox 1574 660 1651 716; x_wconf 89' lang='lat' dir='ltr'>nobis</span> <span class='ocrx_word' id='word_1_219' title='bbox 1665 662 1797 720; x_wconf 84' lang='lat' dir='ltr'>relatione</span> <span class='ocrx_word' id='word_1_220' title='bbox 1810 665 1859 721; x_wconf 90' lang='lat' dir='ltr'>do·</span> 
     </span>
     <span class='ocr_line' id='line_1_37' title="bbox 1061 735 1858 826; baseline 0.031 -37"><span class='ocrx_word' id='word_1_221' title='bbox 1061 735 1177 804; x_wconf 75' lang='lat' dir='ltr'>clarete,</span> <span class='ocrx_word' id='word_1_222' title='bbox 1191 748 1220 795; x_wconf 92' lang='lat' dir='ltr'>ut</span> <span class='ocrx_word' id='word_1_223' title='bbox 1235 744 1305 814; x_wconf 91' lang='lat' dir='ltr'>apud</span> <span class='ocrx_word' id='word_1_224' title='bbox 1319 746 1451 802; x_wconf 87' lang='lat' dir='ltr'>arcarium</span> <span class='ocrx_word' id='word_1_225' title='bbox 1468 748 1538 822; x_wconf 75' lang='lat' dir='ltr'>lale,</span> <span class='ocrx_word' id='word_1_226' title='bbox 1562 753 1703 826; x_wconf 78' lang='lat' dir='ltr'>areanum]</span> <span class='ocrx_word' id='word_1_227' title='bbox 1726 759 1858 814; x_wconf 78' lang='lat' dir='ltr'>reconditi</span> 
     </span>
     <span class='ocr_line' id='line_1_38' title="bbox 1061 828 1904 915; baseline 0.03 -34"><span class='ocrx_word' id='word_1_228' title='bbox 1061 828 1095 882; x_wconf 92' lang='lat' dir='ltr'>ad</span> <span class='ocrx_word' id='word_1_229' title='bbox 1109 845 1189 900; x_wconf 85' lang='lat' dir='ltr'>supra</span> <span class='ocrx_word' id='word_1_230' title='bbox 1204 844 1380 891; x_wconf 72' lang='lat' dir='ltr'>mensuratam</span> <span class='ocrx_word' id='word_1_231' title='bbox 1403 842 1521 909; x_wconf 87' lang='lat' dir='ltr'>speciem</span> <span class='ocrx_word' id='word_1_232' title='bbox 1545 846 1739 915; x_wconf 86' lang='lat' dir='ltr'>reparandam,</span> <span class='ocrx_word' id='word_1_233' title='bbox 1762 848 1859 905; x_wconf 82' lang='lat' dir='ltr'>futuris</span> <span class='ocrx_word' id='word_1_234' title='bbox 1896 865 1904 886; x_wconf 59' lang='grc' dir='ltr'>ι</span> 
     </span>
     <span class='ocr_line' id='line_1_39' title="bbox 1060 925 1859 1007; baseline 0.031 -32"><span class='ocrx_word' id='word_1_235' title='bbox 1060 933 1243 990; x_wconf 88' lang='lat' dir='ltr'>reserventur,</span> <span class='ocrx_word' id='word_1_236' title='bbox 1259 925 1313 982; x_wconf 80' lang='lat' dir='ltr'>fico</span> <span class='ocrx_word' id='word_1_237' title='bbox 1323 931 1480 1001; x_wconf 80' lang='lat' dir='ltr'>auxiliante,</span> <span class='ocrx_word' id='word_1_238' title='bbox 1493 939 1673 1007; x_wconf 88' lang='lat' dir='ltr'>temporibus:</span> <span class='ocrx_word' id='word_1_239' title='bbox 1686 957 1763 999; x_wconf 88' lang='lat' dir='ltr'>mute</span> <span class='ocrx_word' id='word_1_240' title='bbox 1776 945 1859 1000; x_wconf 82' lang='lat' dir='ltr'>vestis</span> 
     </span>
     <span class='ocr_line' id='line_1_40' title="bbox 1060 1012 1860 1098; baseline 0.031 -32"><span class='ocrx_word' id='word_1_241' title='bbox 1060 1012 1196 1080; x_wconf 74' lang='lat' dir='ltr'>redivivae,</span> <span class='ocrx_word' id='word_1_242' title='bbox 1209 1017 1284 1087; x_wconf 84' lang='lat' dir='ltr'>enjus</span> <span class='ocrx_word' id='word_1_243' title='bbox 1299 1022 1428 1079; x_wconf 89' lang='lat' dir='ltr'>adunatio</span> <span class='ocrx_word' id='word_1_244' title='bbox 1439 1042 1489 1098; x_wconf 87' lang='lat' dir='ltr'>per</span> <span class='ocrx_word' id='word_1_245' title='bbox 1502 1028 1545 1084; x_wconf 90' lang='lat' dir='ltr'>fila</span> <span class='ocrx_word' id='word_1_246' title='bbox 1558 1031 1712 1095; x_wconf 79' lang='lat' dir='ltr'>resoluitur,</span> <span class='ocrx_word' id='word_1_247' title='bbox 1729 1043 1758 1088; x_wconf 89' lang='lat' dir='ltr'>ut</span> <span class='ocrx_word' id='word_1_248' title='bbox 1771 1035 1798 1090; x_wconf 93' lang='lat' dir='ltr'>in</span> <span class='ocrx_word' id='word_1_249' title='bbox 1813 1053 1860 1091; x_wconf 88' lang='lat' dir='ltr'>nu·</span> 
     </span>
     <span class='ocr_line' id='line_1_41' title="bbox 1060 1108 1734 1188; baseline 0.04 -33"><span class='ocrx_word' id='word_1_250' title='bbox 1060 1122 1120 1161; x_wconf 79' lang='lat' dir='ltr'>uam</span> <span class='ocrx_word' id='word_1_251' title='bbox 1138 1108 1232 1164; x_wconf 79' lang='lat' dir='ltr'>furiem</span> <span class='ocrx_word' id='word_1_252' title='bbox 1245 1112 1387 1183; x_wconf 88' lang='lat' dir='ltr'>splendido</span> <span class='ocrx_word' id='word_1_253' title='bbox 1402 1119 1491 1188; x_wconf 90' lang='lat' dir='ltr'>potius</span> <span class='ocrx_word' id='word_1_254' title='bbox 1505 1122 1603 1179; x_wconf 90' lang='lat' dir='ltr'>decore</span> <span class='ocrx_word' id='word_1_255' title='bbox 1618 1133 1734 1181; x_wconf 82' lang='lat' dir='ltr'>teratur.</span> 
     </span>
    </p>
   </div>
   <div class='ocr_carea' id='block_1_11' title="bbox 1391 1270 1519 1421">
    <p class='ocr_par' dir='ltr' id='par_1_11' title="bbox 1391 1270 1519 1421">
     <span class='ocr_line' id='line_1_42' title="bbox 1394 1270 1514 1332; baseline 0.058 -7"><span class='ocrx_word' id='word_1_256' title='bbox 1394 1270 1514 1332; x_wconf 78' lang='lat' dir='ltr'>XXVfii.</span> 
     </span>
     <span class='ocr_line' id='line_1_43' title="bbox 1391 1380 1519 1421; baseline 0.008 -3"><span class='ocrx_word' id='word_1_257' title='bbox 1391 1380 1519 1421; x_wconf 72' lang='lat' dir='ltr'>suerunt.</span> 
     </span>
    </p>
   </div>
   <div class='ocr_carea' id='block_1_12' title="bbox 1056 1460 1884 2058">
    <p class='ocr_par' dir='ltr' id='par_1_12' title="bbox 1061 1460 1884 1867">
     <span class='ocr_line' id='line_1_44' title="bbox 1061 1460 1884 1558; baseline 0.035 -43"><span class='ocrx_word' id='word_1_258' title='bbox 1061 1460 1165 1519; x_wconf 73' lang='lat' dir='ltr'>fttdieut</span> <span class='ocrx_word' id='word_1_259' title='bbox 1178 1462 1315 1539; x_wconf 75' lang='lat' dir='ltr'>Lipttribus</span> <span class='ocrx_word' id='word_1_260' title='bbox 1327 1474 1493 1530; x_wconf 72' lang='lat' dir='ltr'>victorianae</span> <span class='ocrx_word' id='word_1_261' title='bbox 1516 1477 1741 1549; x_wconf 78' lang='lat' dir='ltr'>Bttrpunrfiouibur</span> <span class='ocrx_word' id='word_1_262' title='bbox 1765 1505 1855 1558; x_wconf 84' lang='lat' dir='ltr'>repor·</span> <span class='ocrx_word' id='word_1_263' title='bbox 1879 1493 1884 1500; x_wconf 90' lang='lat'>&#39;</span> 
     </span>
     <span class='ocr_line' id='line_1_45' title="bbox 1095 1542 1853 1631; baseline 0.036 -44"><span class='ocrx_word' id='word_1_264' title='bbox 1095 1544 1185 1602; x_wconf 86' lang='lat' dir='ltr'>tutent,</span> <span class='ocrx_word' id='word_1_265' title='bbox 1197 1550 1221 1591; x_wconf 78' lang='lat' dir='ltr'>ei</span> <span class='ocrx_word' id='word_1_266' title='bbox 1232 1542 1321 1610; x_wconf 72' lang='lat' dir='ltr'>fugent</span> <span class='ocrx_word' id='word_1_267' title='bbox 1334 1543 1545 1601; x_wconf 79' lang='lat' dir='ltr'>Afrattnnrtornnt.</span> <span class='ocrx_word' id='word_1_268' title='bbox 1560 1551 1669 1606; x_wconf 75' lang='lat' dir='ltr'>-flcin&#39;cfe</span> <span class='ocrx_word' id='word_1_269' title='bbox 1685 1556 1747 1609; x_wconf 81' lang='lat' dir='ltr'>uicit</span> <span class='ocrx_word' id='word_1_270' title='bbox 1766 1575 1853 1631; x_wconf 74' lang='lat' dir='ltr'>repent</span> 
     </span>
     <span class='ocr_line' id='line_1_46' title="bbox 1095 1606 1858 1694; baseline 0.031 -35"><span class='ocrx_word' id='word_1_271' title='bbox 1095 1606 1126 1659; x_wconf 77' lang='lat' dir='ltr'>eit</span> <span class='ocrx_word' id='word_1_272' title='bbox 1138 1607 1252 1675; x_wconf 85' lang='lat' dir='ltr'>inopium</span> <span class='ocrx_word' id='word_1_273' title='bbox 1267 1613 1303 1665; x_wconf 82' lang='lat' dir='ltr'>eis</span> <span class='ocrx_word' id='word_1_274' title='bbox 1316 1615 1450 1670; x_wconf 75' lang='lat' dir='ltr'>reluctasse</span> <span class='ocrx_word' id='word_1_275' title='bbox 1460 1618 1594 1673; x_wconf 81' lang='lat' dir='ltr'>dinritiinnt</span> <span class='ocrx_word' id='word_1_276' title='bbox 1607 1622 1696 1677; x_wconf 81' lang='lat' dir='ltr'>tributi</span> <span class='ocrx_word' id='word_1_277' title='bbox 1705 1636 1815 1694; x_wconf 81' lang='lat' dir='ltr'>portent,</span> <span class='ocrx_word' id='word_1_278' title='bbox 1828 1637 1858 1683; x_wconf 89' lang='lat' dir='ltr'>et&#39;</span> 
     </span>
     <span class='ocr_line' id='line_1_47' title="bbox 1095 1677 1681 1759; baseline 0.029 -32"><span class='ocrx_word' id='word_1_279' title='bbox 1095 1677 1189 1731; x_wconf 79' lang='lat' dir='ltr'>ftotvcn</span> <span class='ocrx_word' id='word_1_280' title='bbox 1198 1696 1246 1733; x_wconf 84' lang='lat' dir='ltr'>sato</span> <span class='ocrx_word' id='word_1_281' title='bbox 1257 1682 1293 1735; x_wconf 83' lang='lat' dir='ltr'>uti</span> <span class='ocrx_word' id='word_1_282' title='bbox 1306 1700 1349 1738; x_wconf 84' lang='lat' dir='ltr'>eos</span> <span class='ocrx_word' id='word_1_283' title='bbox 1359 1685 1528 1744; x_wconf 81' lang='lat' dir='ltr'>arthleueudos</span> <span class='ocrx_word' id='word_1_284' title='bbox 1542 1693 1681 1759; x_wconf 75' lang='lat' dir='ltr'>nptetuiase.</span> 
     </span>
     <span class='ocr_line' id='line_1_48' title="bbox 1093 1787 1853 1867; baseline 0.032 -24"><span class='ocrx_word' id='word_1_285' title='bbox 1093 1787 1273 1856; x_wconf 83' lang='lat' dir='ltr'>Quisneseiat</span> <span class='ocrx_word' id='word_1_286' title='bbox 1286 1797 1483 1865; x_wconf 90' lang='lat' dir='ltr'>providentiam</span> <span class='ocrx_word' id='word_1_287' title='bbox 1499 1801 1617 1858; x_wconf 88' lang='lat' dir='ltr'>divinam</span> <span class='ocrx_word' id='word_1_288' title='bbox 1638 1805 1729 1864; x_wconf 89' lang='lat' dir='ltr'>usibus</span> <span class='ocrx_word' id='word_1_289' title='bbox 1752 1809 1853 1867; x_wconf 86' lang='lat' dir='ltr'>nostris</span> 
     </span>
    </p>

    <p class='ocr_par' dir='ltr' id='par_1_13' title="bbox 1057 1880 1851 1967">
     <span class='ocr_line' id='line_1_49' title="bbox 1057 1880 1851 1967; baseline 0.03 -34"><span class='ocrx_word' id='word_1_290' title='bbox 1057 1880 1145 1951; x_wconf 89' lang='lat' dir='ltr'>aliqua</span> <span class='ocrx_word' id='word_1_291' title='bbox 1159 1884 1226 1940; x_wconf 89' lang='lat' dir='ltr'>velle</span> <span class='ocrx_word' id='word_1_292' title='bbox 1240 1887 1401 1958; x_wconf 86' lang='lat' dir='ltr'>subducere,</span> <span class='ocrx_word' id='word_1_293' title='bbox 1421 1901 1451 1946; x_wconf 92' lang='lat' dir='ltr'>ut</span> <span class='ocrx_word' id='word_1_294' title='bbox 1465 1893 1611 1950; x_wconf 85' lang='lat' dir='ltr'>frantanem</span> <span class='ocrx_word' id='word_1_295' title='bbox 1628 1899 1713 1967; x_wconf 90' lang='lat' dir='ltr'>possit</span> <span class='ocrx_word' id='word_1_296' title='bbox 1731 1901 1851 1957; x_wconf 89' lang='lat' dir='ltr'>animent</span> 
     </span>
    </p>

    <p class='ocr_par' dir='ltr' id='par_1_14' title="bbox 1056 1976 1852 2058">
     <span class='ocr_line' id='line_1_50' title="bbox 1056 1976 1852 2058; baseline 0.029 -32"><span class='ocrx_word' id='word_1_297' title='bbox 1056 1976 1252 2045; x_wconf 80' lang='lat' dir='ltr'>comprobare?</span> <span class='ocrx_word' id='word_1_298' title='bbox 1266 1978 1332 2034; x_wconf 78' lang='lat' dir='ltr'>Nan·</span> <span class='ocrx_word' id='word_1_299' title='bbox 1345 1981 1367 2035; x_wconf 90' lang='lat' dir='ltr'>si</span> <span class='ocrx_word' id='word_1_300' title='bbox 1379 1983 1481 2038; x_wconf 82' lang='lat' dir='ltr'>nullutn</span> <span class='ocrx_word' id='word_1_301' title='bbox 1495 1987 1602 2055; x_wconf 89' lang='lat' dir='ltr'>penitus</span> <span class='ocrx_word' id='word_1_302' title='bbox 1616 1989 1734 2058; x_wconf 82' lang='lat' dir='ltr'>indigere</span> <span class='ocrx_word' id='word_1_303' title='bbox 1748 1994 1852 2048; x_wconf 85' lang='lat' dir='ltr'>coritin·</span> 
     </span>
    </p>
   </div>
   <div class='ocr_carea' id='block_1_13' title="bbox 1055 2067 1851 2142">
    <p class='ocr_par' dir='ltr' id='par_1_15' title="bbox 1055 2067 1851 2142">
     <span class='ocr_line' id='line_1_51' title="bbox 1055 2067 1851 2142; baseline 0.025 -24"><span class='ocrx_word' id='word_1_304' title='bbox 1055 2073 1142 2133; x_wconf 88' lang='lat' dir='ltr'>geret,</span> <span class='ocrx_word' id='word_1_305' title='bbox 1158 2067 1248 2123; x_wconf 91' lang='lat' dir='ltr'>locum</span> <span class='ocrx_word' id='word_1_306' title='bbox 1263 2072 1377 2139; x_wconf 86' lang='lat' dir='ltr'>proinde</span> <span class='ocrx_word' id='word_1_307' title='bbox 1396 2073 1506 2142; x_wconf 88' lang='lat' dir='ltr'>largitas</span> <span class='ocrx_word' id='word_1_308' title='bbox 1519 2092 1573 2131; x_wconf 80' lang='lat' dir='ltr'>raon</span> <span class='ocrx_word' id='word_1_309' title='bbox 1590 2079 1711 2134; x_wconf 87' lang='lat' dir='ltr'>baberet.</span> <span class='ocrx_word' id='word_1_310' title='bbox 1729 2081 1794 2136; x_wconf 85' lang='lat' dir='ltr'>bata</span> <span class='ocrx_word' id='word_1_311' title='bbox 1809 2095 1851 2138; x_wconf 76' lang='lat' dir='ltr'>cst</span> 
     </span>
    </p>
   </div>
   <div class='ocr_carea' id='block_1_14' title="bbox 1055 2158 1951 2237">
    <p class='ocr_par' dir='ltr' id='par_1_16' title="bbox 1055 2158 1951 2237">
     <span class='ocr_line' id='line_1_52' title="bbox 1055 2158 1951 2237; baseline 0.023 -27"><span class='ocrx_word' id='word_1_312' title='bbox 1055 2158 1203 2226; x_wconf 89' lang='lat' dir='ltr'>provinciis</span> <span class='ocrx_word' id='word_1_313' title='bbox 1216 2160 1242 2214; x_wconf 93' lang='lat' dir='ltr'>in</span> <span class='ocrx_word' id='word_1_314' title='bbox 1254 2163 1327 2231; x_wconf 84' lang='lat' dir='ltr'>regis</span> <span class='ocrx_word' id='word_1_315' title='bbox 1337 2164 1421 2219; x_wconf 88' lang='lat' dir='ltr'>nostri</span> <span class='ocrx_word' id='word_1_316' title='bbox 1436 2165 1515 2221; x_wconf 91' lang='lat' dir='ltr'>laude</span> <span class='ocrx_word' id='word_1_317' title='bbox 1528 2170 1655 2237; x_wconf 85' lang='lat' dir='ltr'>penuria;</span> <span class='ocrx_word' id='word_1_318' title='bbox 1670 2173 1777 2230; x_wconf 87' lang='lat' dir='ltr'>steriles</span> <span class='ocrx_word' id='word_1_319' title='bbox 1788 2173 1851 2230; x_wconf 84' lang='lat' dir='ltr'>breti</span> <span class='ocrx_word' id='word_1_320' title='bbox 1947 2207 1951 2212; x_wconf 93' lang='lat'>-</span> 
     </span>
    </p>
   </div>
   <div class='ocr_carea' id='block_1_15' title="bbox 1049 2250 1850 2974">
    <p class='ocr_par' dir='ltr' id='par_1_17' title="bbox 1049 2250 1850 2974">
     <span class='ocr_line' id='line_1_53' title="bbox 1053 2250 1850 2328; baseline 0.025 -27"><span class='ocrx_word' id='word_1_321' title='bbox 1053 2255 1116 2302; x_wconf 80' lang='lat' dir='ltr'>stunt</span> <span class='ocrx_word' id='word_1_322' title='bbox 1132 2250 1200 2318; x_wconf 83' lang='lat' dir='ltr'>agri,</span> <span class='ocrx_word' id='word_1_323' title='bbox 1215 2258 1245 2305; x_wconf 89' lang='lat' dir='ltr'>ut</span> <span class='ocrx_word' id='word_1_324' title='bbox 1266 2251 1375 2308; x_wconf 88' lang='lat' dir='ltr'>ubertas</span> <span class='ocrx_word' id='word_1_325' title='bbox 1397 2253 1500 2311; x_wconf 90' lang='lat' dir='ltr'>domini</span> <span class='ocrx_word' id='word_1_326' title='bbox 1520 2260 1607 2328; x_wconf 86' lang='lat' dir='ltr'>possit</span> <span class='ocrx_word' id='word_1_327' title='bbox 1626 2263 1746 2328; x_wconf 85' lang='lat' dir='ltr'>agnosci.</span> <span class='ocrx_word' id='word_1_328' title='bbox 1762 2263 1850 2322; x_wconf 90' lang='lat' dir='ltr'>lliuus</span> 
     </span>
     <span class='ocr_line' id='line_1_54' title="bbox 1053 2342 1849 2418; baseline 0.019 -25"><span class='ocrx_word' id='word_1_329' title='bbox 1053 2348 1125 2394; x_wconf 88' lang='lat' dir='ltr'>esset</span> <span class='ocrx_word' id='word_1_330' title='bbox 1135 2342 1350 2411; x_wconf 84' lang='lat' dir='ltr'>acceptissimum</span> <span class='ocrx_word' id='word_1_331' title='bbox 1363 2343 1474 2412; x_wconf 91' lang='lat' dir='ltr'>donum,</span> <span class='ocrx_word' id='word_1_332' title='bbox 1487 2347 1537 2404; x_wconf 91' lang='lat' dir='ltr'>nisi</span> <span class='ocrx_word' id='word_1_333' title='bbox 1547 2350 1730 2418; x_wconf 81' lang='lat' dir='ltr'>praecessisset</span> <span class='ocrx_word' id='word_1_334' title='bbox 1743 2354 1849 2410; x_wconf 85' lang='lat' dir='ltr'>incont-</span> 
     </span>
     <span class='ocr_line' id='line_1_55' title="bbox 1053 2432 1850 2517; baseline 0.023 -32"><span class='ocrx_word' id='word_1_335' title='bbox 1053 2432 1173 2488; x_wconf 86' lang='lat' dir='ltr'>rnodum.</span> <span class='ocrx_word' id='word_1_336' title='bbox 1187 2434 1317 2501; x_wconf 86' lang='lat' dir='ltr'>Gaudete,</span> <span class='ocrx_word' id='word_1_337' title='bbox 1333 2438 1487 2509; x_wconf 77' lang='lat' dir='ltr'>provinciae,</span> <span class='ocrx_word' id='word_1_338' title='bbox 1502 2441 1634 2512; x_wconf 88' lang='lat' dir='ltr'>malisque</span> <span class='ocrx_word' id='word_1_339' title='bbox 1647 2445 1744 2500; x_wconf 84' lang='lat' dir='ltr'>restris</span> <span class='ocrx_word' id='word_1_340' title='bbox 1757 2447 1850 2517; x_wconf 89' lang='lat' dir='ltr'>potins</span> 
     </span>
     <span class='ocr_line' id='line_1_56' title="bbox 1052 2525 1847 2609; baseline 0.021 -31"><span class='ocrx_word' id='word_1_341' title='bbox 1052 2525 1165 2593; x_wconf 86' lang='lat' dir='ltr'>gratiam</span> <span class='ocrx_word' id='word_1_342' title='bbox 1175 2526 1284 2595; x_wconf 88' lang='lat' dir='ltr'>referte,</span> <span class='ocrx_word' id='word_1_343' title='bbox 1294 2529 1403 2599; x_wconf 89' lang='lat' dir='ltr'>quando</span> <span class='ocrx_word' id='word_1_344' title='bbox 1417 2532 1498 2587; x_wconf 89' lang='lat' dir='ltr'>talem</span> <span class='ocrx_word' id='word_1_345' title='bbox 1511 2533 1634 2604; x_wconf 91' lang='lat' dir='ltr'>probatis</span> <span class='ocrx_word' id='word_1_346' title='bbox 1647 2542 1766 2593; x_wconf 85' lang='lat' dir='ltr'>annuunt</span> <span class='ocrx_word' id='word_1_347' title='bbox 1776 2540 1847 2609; x_wconf 91' lang='lat' dir='ltr'>prin·</span> 
     </span>
     <span class='ocr_line' id='line_1_57' title="bbox 1051 2616 1847 2698; baseline 0.019 -29"><span class='ocrx_word' id='word_1_348' title='bbox 1051 2616 1129 2684; x_wconf 78' lang='lat' dir='ltr'>elpis,</span> <span class='ocrx_word' id='word_1_349' title='bbox 1152 2627 1184 2671; x_wconf 91' lang='lat' dir='ltr'>ut</span> <span class='ocrx_word' id='word_1_350' title='bbox 1204 2617 1285 2674; x_wconf 83' lang='lat' dir='ltr'>utillis</span> <span class='ocrx_word' id='word_1_351' title='bbox 1305 2619 1384 2675; x_wconf 90' lang='lat' dir='ltr'>cedat</span> <span class='ocrx_word' id='word_1_352' title='bbox 1398 2621 1528 2681; x_wconf 89' lang='lat' dir='ltr'>adversis.</span> <span class='ocrx_word' id='word_1_353' title='bbox 1545 2623 1585 2679; x_wconf 81' lang='lat' dir='ltr'>Eu</span> <span class='ocrx_word' id='word_1_354' title='bbox 1600 2625 1688 2697; x_wconf 86' lang='lat' dir='ltr'>pietas</span> <span class='ocrx_word' id='word_1_355' title='bbox 1706 2627 1847 2698; x_wconf 88' lang='lat' dir='ltr'>mirabilis,</span> 
     </span>
     <span class='ocr_line' id='line_1_58' title="bbox 1050 2711 1846 2786; baseline 0.018 -23"><span class='ocrx_word' id='word_1_356' title='bbox 1050 2723 1110 2778; x_wconf 87' lang='lat' dir='ltr'>quae</span> <span class='ocrx_word' id='word_1_357' title='bbox 1125 2711 1224 2782; x_wconf 90' lang='lat' dir='ltr'>ubique</span> <span class='ocrx_word' id='word_1_358' title='bbox 1237 2715 1337 2770; x_wconf 89' lang='lat' dir='ltr'>nostris</span> <span class='ocrx_word' id='word_1_359' title='bbox 1358 2727 1492 2786; x_wconf 84' lang='lat' dir='ltr'>repugnat</span> <span class='ocrx_word' id='word_1_360' title='bbox 1506 2718 1692 2777; x_wconf 84' lang='lat' dir='ltr'>incommodis.</span> <span class='ocrx_word' id='word_1_361' title='bbox 1708 2720 1775 2776; x_wconf 86' lang='lat' dir='ltr'>Nam</span> <span class='ocrx_word' id='word_1_362' title='bbox 1785 2737 1846 2777; x_wconf 82' lang='lat' dir='ltr'>etun</span> 
     </span>
     <span class='ocr_line' id='line_1_59' title="bbox 1049 2798 1847 2879; baseline 0.018 -25"><span class='ocrx_word' id='word_1_363' title='bbox 1049 2814 1080 2854; x_wconf 92' lang='lat' dir='ltr'>se</span> <span class='ocrx_word' id='word_1_364' title='bbox 1090 2798 1182 2856; x_wconf 90' lang='lat' dir='ltr'>feritas</span> <span class='ocrx_word' id='word_1_365' title='bbox 1193 2804 1407 2875; x_wconf 86' lang='lat' dir='ltr'>gentilisprioris</span> <span class='ocrx_word' id='word_1_366' title='bbox 1418 2811 1546 2879; x_wconf 88' lang='lat' dir='ltr'>temporis</span> <span class='ocrx_word' id='word_1_367' title='bbox 1555 2812 1712 2879; x_wconf 78' lang='lat' dir='ltr'>animasset,</span> <span class='ocrx_word' id='word_1_368' title='bbox 1725 2812 1847 2876; x_wconf 83' lang='lat' dir='ltr'>AEntifia,</span> 
     </span>
     <span class='ocr_line' id='line_1_60' title="bbox 1049 2890 1847 2974; baseline 0.019 -29"><span class='ocrx_word' id='word_1_369' title='bbox 1049 2898 1077 2945; x_wconf 89' lang='lat' dir='ltr'>et</span> <span class='ocrx_word' id='word_1_370' title='bbox 1089 2890 1195 2960; x_wconf 88' lang='lat' dir='ltr'>Liguria</span> <span class='ocrx_word' id='word_1_371' title='bbox 1210 2903 1310 2962; x_wconf 88' lang='lat' dir='ltr'>vestra,</span> <span class='ocrx_word' id='word_1_372' title='bbox 1336 2896 1406 2952; x_wconf 91' lang='lat' dir='ltr'>sicut</span> <span class='ocrx_word' id='word_1_373' title='bbox 1422 2914 1472 2954; x_wconf 90' lang='lat' dir='ltr'>vos</span> <span class='ocrx_word' id='word_1_374' title='bbox 1490 2900 1608 2957; x_wconf 88' lang='lat' dir='ltr'>retinere</span> <span class='ocrx_word' id='word_1_375' title='bbox 1632 2904 1710 2974; x_wconf 80' lang='lat'>201</span> <span class='ocrx_word' id='word_1_376' title='bbox 1735 2918 1847 2960; x_wconf 66' lang='lat' dir='ltr'>trecesm</span> 
     </span>
    </p>
   </div>
   <div class='ocr_carea' id='block_1_16' title="bbox 1048 2981 1846 3148">
    <p class='ocr_par' dir='ltr' id='par_1_18' title="bbox 1048 2981 1846 3148">
     <span class='ocr_line' id='line_1_61' title="bbox 1049 2981 1846 3064; baseline 0.015 -27"><span class='ocrx_word' id='word_1_377' title='bbox 1049 2989 1100 3046; x_wconf 82' lang='lat' dir='ltr'>est,</span> <span class='ocrx_word' id='word_1_378' title='bbox 1111 2981 1331 3052; x_wconf 75' lang='lat' dir='ltr'>burgundionum</span> <span class='ocrx_word' id='word_1_379' title='bbox 1342 2987 1495 3044; x_wconf 84' lang='lat' dir='ltr'>incursione</span> <span class='ocrx_word' id='word_1_380' title='bbox 1504 2989 1671 3060; x_wconf 86' lang='lat' dir='ltr'>quateretur,</span> <span class='ocrx_word' id='word_1_381' title='bbox 1686 3003 1846 3064; x_wconf 82' lang='lat' dir='ltr'>gereretque</span> 
     </span>
     <span class='ocr_line' id='line_1_62' title="bbox 1048 3066 1845 3148; baseline 0.011 -26"><span class='ocrx_word' id='word_1_382' title='bbox 1048 3066 1148 3122; x_wconf 88' lang='lat' dir='ltr'>bellum</span> <span class='ocrx_word' id='word_1_383' title='bbox 1159 3066 1193 3123; x_wconf 89' lang='lat' dir='ltr'>de</span> <span class='ocrx_word' id='word_1_384' title='bbox 1207 3068 1346 3125; x_wconf 77' lang='lat' dir='ltr'>vicinitate</span> <span class='ocrx_word' id='word_1_385' title='bbox 1369 3070 1507 3138; x_wconf 83' lang='lat' dir='ltr'>furtivum,</span> <span class='ocrx_word' id='word_1_386' title='bbox 1522 3076 1612 3131; x_wconf 90' lang='lat' dir='ltr'>subito</span> <span class='ocrx_word' id='word_1_387' title='bbox 1632 3080 1773 3148; x_wconf 77' lang='lat' dir='ltr'>persentis</span> <span class='ocrx_word' id='word_1_388' title='bbox 1792 3080 1845 3135; x_wconf 52' lang='grc' dir='ltr'>ἰιιιω</span> 
     </span>
    </p>
   </div>
   <div class='ocr_carea' id='block_1_17' title="bbox 198 3136 1842 3238">
    <p class='ocr_par' dir='ltr' id='par_1_19' title="bbox 198 3136 1842 3238">
     <span class='ocr_line' id='line_1_63' title="bbox 198 3136 1842 3238; baseline 0.013 -35"><span class='ocrx_word' id='word_1_389' title='bbox 198 3148 251 3205; x_wconf 87' lang='lat' dir='ltr'>hoe</span> <span class='ocrx_word' id='word_1_390' title='bbox 266 3165 316 3221; x_wconf 91' lang='lat' dir='ltr'>per</span> <span class='ocrx_word' id='word_1_391' title='bbox 336 3151 410 3206; x_wconf 90' lang='lat' dir='ltr'>viros</span> <span class='ocrx_word' id='word_1_392' title='bbox 423 3154 610 3212; x_wconf 83' lang='lat' dir='ltr'>sanctissimos</span> <span class='ocrx_word' id='word_1_393' title='bbox 632 3157 746 3215; x_wconf 80' lang='lat' dir='ltr'>velimus</span> <span class='ocrx_word' id='word_1_394' title='bbox 767 3161 885 3219; x_wconf 72' lang='lat' dir='ltr'>altioeus.</span> <span class='ocrx_word' id='word_1_395' title='bbox 909 3164 997 3235; x_wconf 66' lang='lat' dir='ltr'>Anger</span> <span class='ocrx_word' id='word_1_396' title='bbox 1011 3136 1034 3197; x_wconf 71' lang='lat' dir='ltr'>C</span> <span class='ocrx_word' id='word_1_397' title='bbox 1048 3157 1116 3228; x_wconf 88' lang='lat' dir='ltr'>perii</span> <span class='ocrx_word' id='word_1_398' title='bbox 1132 3165 1260 3228; x_wconf 90' lang='lat' dir='ltr'>tanquam</span> <span class='ocrx_word' id='word_1_399' title='bbox 1271 3159 1337 3216; x_wconf 90' lang='lat' dir='ltr'>solis</span> <span class='ocrx_word' id='word_1_400' title='bbox 1350 3170 1426 3218; x_wconf 88' lang='lat' dir='ltr'>ortus</span> <span class='ocrx_word' id='word_1_401' title='bbox 1436 3160 1506 3219; x_wconf 90' lang='lat' dir='ltr'>fama</span> <span class='ocrx_word' id='word_1_402' title='bbox 1517 3163 1641 3221; x_wconf 85' lang='lat' dir='ltr'>radiavit.</span> <span class='ocrx_word' id='word_1_403' title='bbox 1652 3166 1842 3238; x_wconf 83' lang='lat' dir='ltr'>Expugnatuui</span> 
     </span>
    </p>
   </div>
   <div class='ocr_carea' id='block_1_18' title="bbox 161 3239 996 4141">
    <p class='ocr_par' dir='ltr' id='par_1_20' title="bbox 161 3239 996 4141">
     <span class='ocr_line' id='line_1_64' title="bbox 196 3239 995 3325; baseline 0.024 -32"><span class='ocrx_word' id='word_1_404' title='bbox 196 3240 270 3294; x_wconf 92' lang='lat' dir='ltr'>enim</span> <span class='ocrx_word' id='word_1_405' title='bbox 281 3239 441 3297; x_wconf 84' lang='lat' dir='ltr'>heneficium</span> <span class='ocrx_word' id='word_1_406' title='bbox 451 3243 577 3300; x_wconf 79' lang='lat' dir='ltr'>voluutas</span> <span class='ocrx_word' id='word_1_407' title='bbox 587 3256 660 3302; x_wconf 88' lang='lat' dir='ltr'>reeta</span> <span class='ocrx_word' id='word_1_408' title='bbox 670 3246 803 3318; x_wconf 77' lang='lat' dir='ltr'>iustorum</span> <span class='ocrx_word' id='word_1_409' title='bbox 814 3269 821 3319; x_wconf 88' lang='lat'>;</span> <span class='ocrx_word' id='word_1_410' title='bbox 832 3261 861 3308; x_wconf 87' lang='lat' dir='ltr'>et</span> <span class='ocrx_word' id='word_1_411' title='bbox 867 3254 995 3325; x_wconf 90' lang='lat' dir='ltr'>quidquid</span> 
     </span>
     <span class='ocr_line' id='line_1_65' title="bbox 161 3329 996 3417; baseline 0.023 -34"><span class='ocrx_word' id='word_1_412' title='bbox 161 3396 169 3408; x_wconf 30' lang='grc' dir='ltr'><strong><em>ι</em></strong></span> <span class='ocrx_word' id='word_1_413' title='bbox 196 3329 257 3387; x_wconf 87' lang='lat' dir='ltr'>siae</span> <span class='ocrx_word' id='word_1_414' title='bbox 271 3331 366 3388; x_wconf 91' lang='lat' dir='ltr'>fraude</span> <span class='ocrx_word' id='word_1_415' title='bbox 376 3334 489 3403; x_wconf 88' lang='lat' dir='ltr'>geritur,</span> <span class='ocrx_word' id='word_1_416' title='bbox 504 3335 558 3392; x_wconf 92' lang='lat' dir='ltr'>boe</span> <span class='ocrx_word' id='word_1_417' title='bbox 571 3353 635 3393; x_wconf 85' lang='lat' dir='ltr'>rere</span> <span class='ocrx_word' id='word_1_418' title='bbox 649 3337 776 3398; x_wconf 88' lang='lat' dir='ltr'>donantis</span> <span class='ocrx_word' id='word_1_419' title='bbox 794 3344 898 3401; x_wconf 77' lang='lat' dir='ltr'>urentis</span> <span class='ocrx_word' id='word_1_420' title='bbox 910 3347 996 3417; x_wconf 88' lang='lat' dir='ltr'>appli-</span> 
     </span>
     <span class='ocr_line' id='line_1_66' title="bbox 189 3422 995 3505; baseline 0.017 -26"><span class='ocrx_word' id='word_1_421' title='bbox 189 3433 285 3480; x_wconf 74' lang='lat' dir='ltr'>catur.</span> <span class='ocrx_word' id='word_1_422' title='bbox 303 3422 384 3481; x_wconf 84' lang='lat' dir='ltr'>Decet</span> <span class='ocrx_word' id='word_1_423' title='bbox 400 3426 472 3482; x_wconf 88' lang='lat' dir='ltr'>enim</span> <span class='ocrx_word' id='word_1_424' title='bbox 484 3436 515 3482; x_wconf 91' lang='lat' dir='ltr'>ut</span> <span class='ocrx_word' id='word_1_425' title='bbox 528 3429 739 3487; x_wconf 88' lang='lat' dir='ltr'>munificentiam</span> <span class='ocrx_word' id='word_1_426' title='bbox 755 3436 930 3505; x_wconf 86' lang='lat' dir='ltr'>principalem</span> <span class='ocrx_word' id='word_1_427' title='bbox 951 3455 995 3493; x_wconf 91' lang='lat' dir='ltr'>sa·</span> 
     </span>
     <span class='ocr_line' id='line_1_67' title="bbox 194 3516 992 3594; baseline 0.018 -25"><span class='ocrx_word' id='word_1_428' title='bbox 194 3516 344 3571; x_wconf 88' lang='lat' dir='ltr'>eerdotabs</span> <span class='ocrx_word' id='word_1_429' title='bbox 357 3518 462 3588; x_wconf 89' lang='lat' dir='ltr'>puritas</span> <span class='ocrx_word' id='word_1_430' title='bbox 480 3529 652 3590; x_wconf 79' lang='lat' dir='ltr'>exsequatur.</span> <span class='ocrx_word' id='word_1_431' title='bbox 667 3522 734 3578; x_wconf 88' lang='lat' dir='ltr'>Nam</span> <span class='ocrx_word' id='word_1_432' title='bbox 753 3527 797 3581; x_wconf 90' lang='lat' dir='ltr'>eni</span> <span class='ocrx_word' id='word_1_433' title='bbox 811 3535 852 3582; x_wconf 87' lang='lat' dir='ltr'>est</span> <span class='ocrx_word' id='word_1_434' title='bbox 865 3529 992 3594; x_wconf 85' lang='lat' dir='ltr'>studium,</span> 
     </span>
     <span class='ocr_line' id='line_1_68' title="bbox 192 3605 993 3686; baseline 0.016 -24"><span class='ocrx_word' id='word_1_435' title='bbox 192 3605 299 3663; x_wconf 87' lang='lat' dir='ltr'>honum</span> <span class='ocrx_word' id='word_1_436' title='bbox 311 3606 345 3664; x_wconf 89' lang='lat' dir='ltr'>de</span> <span class='ocrx_word' id='word_1_437' title='bbox 362 3609 472 3680; x_wconf 92' lang='lat' dir='ltr'>proprio</span> <span class='ocrx_word' id='word_1_438' title='bbox 487 3610 587 3674; x_wconf 89' lang='lat' dir='ltr'>faeere,</span> <span class='ocrx_word' id='word_1_439' title='bbox 603 3612 774 3670; x_wconf 87' lang='lat' dir='ltr'>laudabiliter</span> <span class='ocrx_word' id='word_1_440' title='bbox 793 3624 883 3686; x_wconf 89' lang='lat' dir='ltr'>potest</span> <span class='ocrx_word' id='word_1_441' title='bbox 898 3619 993 3675; x_wconf 80' lang='lat' dir='ltr'>afiarta</span> 
     </span>
     <span class='ocr_line' id='line_1_69' title="bbox 193 3698 993 3778; baseline 0.018 -27"><span class='ocrx_word' id='word_1_442' title='bbox 193 3707 259 3753; x_wconf 91' lang='lat' dir='ltr'>vota</span> <span class='ocrx_word' id='word_1_443' title='bbox 271 3698 419 3768; x_wconf 76' lang='lat' dir='ltr'>comptae.</span> <span class='ocrx_word' id='word_1_444' title='bbox 435 3698 471 3755; x_wconf 84' lang='lat' dir='ltr'>tu</span> <span class='ocrx_word' id='word_1_445' title='bbox 485 3701 545 3757; x_wconf 90' lang='lat' dir='ltr'>ideo</span> <span class='ocrx_word' id='word_1_446' title='bbox 557 3704 727 3760; x_wconf 84' lang='lat' dir='ltr'>sanctitatem</span> <span class='ocrx_word' id='word_1_447' title='bbox 741 3714 857 3761; x_wconf 87' lang='lat' dir='ltr'>vestram</span> <span class='ocrx_word' id='word_1_448' title='bbox 877 3711 993 3778; x_wconf 86' lang='lat' dir='ltr'>petimus</span> 
     </span>
     <span class='ocr_line' id='line_1_70' title="bbox 193 3788 992 3868; baseline 0.018 -25"><span class='ocrx_word' id='word_1_449' title='bbox 193 3788 286 3860; x_wconf 79' lang='lat' dir='ltr'>(cujus</span> <span class='ocrx_word' id='word_1_450' title='bbox 295 3791 428 3861; x_wconf 88' lang='lat' dir='ltr'>propositi</span> <span class='ocrx_word' id='word_1_451' title='bbox 441 3799 484 3846; x_wconf 91' lang='lat' dir='ltr'>est</span> <span class='ocrx_word' id='word_1_452' title='bbox 497 3790 594 3848; x_wconf 88' lang='lat' dir='ltr'>divinis</span> <span class='ocrx_word' id='word_1_453' title='bbox 609 3794 740 3851; x_wconf 88' lang='lat' dir='ltr'>inservire</span> <span class='ocrx_word' id='word_1_454' title='bbox 759 3797 902 3868; x_wconf 86' lang='lat' dir='ltr'>nraudatis)</span> <span class='ocrx_word' id='word_1_455' title='bbox 917 3809 945 3854; x_wconf 92' lang='lat' dir='ltr'>ut</span> <span class='ocrx_word' id='word_1_456' title='bbox 959 3800 992 3857; x_wconf 88' lang='lat' dir='ltr'>de</span> 
     </span>
     <span class='ocr_line' id='line_1_71' title="bbox 190 3879 990 3960; baseline 0.019 -27"><span class='ocrx_word' id='word_1_457' title='bbox 190 3879 301 3936; x_wconf 83' lang='lat' dir='ltr'>horreis</span> <span class='ocrx_word' id='word_1_458' title='bbox 310 3880 497 3939; x_wconf 79' lang='lat' dir='ltr'>ticinensibus</span> <span class='ocrx_word' id='word_1_459' title='bbox 505 3892 533 3939; x_wconf 88' lang='lat' dir='ltr'>et</span> <span class='ocrx_word' id='word_1_460' title='bbox 543 3883 753 3945; x_wconf 86' lang='lat' dir='ltr'>Dertoncnsihus</span> <span class='ocrx_word' id='word_1_461' title='bbox 764 3890 851 3959; x_wconf 89' lang='lat' dir='ltr'>panici</span> <span class='ocrx_word' id='word_1_462' title='bbox 862 3893 990 3960; x_wconf 85' lang='lat' dir='ltr'>speciem,</span> 
     </span>
     <span class='ocr_line' id='line_1_72' title="bbox 188 3970 987 4049; baseline 0.016 -25"><span class='ocrx_word' id='word_1_463' title='bbox 188 3970 292 4026; x_wconf 81' lang='lat' dir='ltr'>sicula</span> <span class='ocrx_word' id='word_1_464' title='bbox 307 3971 428 4043; x_wconf 85' lang='lat' dir='ltr'>principe</span> <span class='ocrx_word' id='word_1_465' title='bbox 441 3972 547 4042; x_wconf 78' lang='lat' dir='ltr'>jussuum</span> <span class='ocrx_word' id='word_1_466' title='bbox 568 3983 618 4038; x_wconf 86' lang='lat' dir='ltr'>est,</span> <span class='ocrx_word' id='word_1_467' title='bbox 641 3978 747 4032; x_wconf 88' lang='lat' dir='ltr'>tertiam</span> <span class='ocrx_word' id='word_1_468' title='bbox 764 3980 914 4049; x_wconf 90' lang='lat' dir='ltr'>portionem</span> <span class='ocrx_word' id='word_1_469' title='bbox 928 3997 987 4037; x_wconf 84' lang='lat' dir='ltr'>esu-</span> 
     </span>
     <span class='ocr_line' id='line_1_73' title="bbox 188 4061 990 4141; baseline 0.019 -27"><span class='ocrx_word' id='word_1_470' title='bbox 188 4061 274 4116; x_wconf 88' lang='lat' dir='ltr'>rienti</span> <span class='ocrx_word' id='word_1_471' title='bbox 285 4061 387 4132; x_wconf 87' lang='lat' dir='ltr'>populo</span> <span class='ocrx_word' id='word_1_472' title='bbox 400 4063 433 4118; x_wconf 90' lang='lat' dir='ltr'>ad</span> <span class='ocrx_word' id='word_1_473' title='bbox 444 4064 537 4134; x_wconf 88' lang='lat' dir='ltr'>viginti</span> <span class='ocrx_word' id='word_1_474' title='bbox 552 4068 670 4136; x_wconf 90' lang='lat' dir='ltr'>quinque</span> <span class='ocrx_word' id='word_1_475' title='bbox 682 4067 787 4126; x_wconf 63' lang='lat' dir='ltr'>inradies</span> <span class='ocrx_word' id='word_1_476' title='bbox 807 4086 857 4141; x_wconf 90' lang='lat' dir='ltr'>pcr</span> <span class='ocrx_word' id='word_1_477' title='bbox 875 4073 990 4129; x_wconf 83' lang='lat' dir='ltr'>solidum</span> 
     </span>
    </p>
   </div>
   <div class='ocr_carea' id='block_1_19' title="bbox 188 4151 1001 4231">
    <p class='ocr_par' dir='ltr' id='par_1_21' title="bbox 188 4151 1001 4231">
     <span class='ocr_line' id='line_1_74' title="bbox 188 4151 1001 4231; baseline 0.015 -25"><span class='ocrx_word' id='word_1_478' title='bbox 188 4151 307 4207; x_wconf 87' lang='lat' dir='ltr'>distrahi</span> <span class='ocrx_word' id='word_1_479' title='bbox 331 4152 381 4208; x_wconf 89' lang='lat' dir='ltr'>suh</span> <span class='ocrx_word' id='word_1_480' title='bbox 395 4162 487 4209; x_wconf 89' lang='lat' dir='ltr'>nostra</span> <span class='ocrx_word' id='word_1_481' title='bbox 508 4154 678 4212; x_wconf 91' lang='lat' dir='ltr'>ordinatione</span> <span class='ocrx_word' id='word_1_482' title='bbox 704 4156 819 4226; x_wconf 88' lang='lat' dir='ltr'>faciatis,</span> <span class='ocrx_word' id='word_1_483' title='bbox 844 4177 878 4215; x_wconf 86' lang='lat' dir='ltr'>ne</span> <span class='ocrx_word' id='word_1_484' title='bbox 901 4162 1001 4231; x_wconf 74' lang='lat' dir='ltr'>ceritis·</span> 
     </span>
    </p>
   </div>
   <div class='ocr_carea' id='block_1_20' title="bbox 186 4247 990 4506">
    <p class='ocr_par' dir='ltr' id='par_1_22' title="bbox 186 4247 990 4506">
     <span class='ocr_line' id='line_1_75' title="bbox 186 4247 990 4325; baseline 0.011 -24"><span class='ocrx_word' id='word_1_485' title='bbox 186 4261 276 4317; x_wconf 86' lang='lat' dir='ltr'>quarn</span> <span class='ocrx_word' id='word_1_486' title='bbox 288 4247 433 4303; x_wconf 88' lang='lat' dir='ltr'>venalitate</span> <span class='ocrx_word' id='word_1_487' title='bbox 447 4247 481 4302; x_wconf 92' lang='lat' dir='ltr'>ad</span> <span class='ocrx_word' id='word_1_488' title='bbox 493 4249 552 4304; x_wconf 88' lang='lat' dir='ltr'>illos</span> <span class='ocrx_word' id='word_1_489' title='bbox 572 4252 720 4320; x_wconf 78' lang='lat' dir='ltr'>perueniat,</span> <span class='ocrx_word' id='word_1_490' title='bbox 733 4253 819 4321; x_wconf 87' lang='lat' dir='ltr'>quise</span> <span class='ocrx_word' id='word_1_491' title='bbox 832 4254 867 4310; x_wconf 91' lang='lat' dir='ltr'>de</span> <span class='ocrx_word' id='word_1_492' title='bbox 880 4261 990 4325; x_wconf 79' lang='lat' dir='ltr'>proprio</span> 
     </span>
     <span class='ocr_line' id='line_1_76' title="bbox 186 4335 988 4409; baseline 0.015 -21"><span class='ocrx_word' id='word_1_493' title='bbox 186 4335 320 4392; x_wconf 82' lang='lat' dir='ltr'>videntur</span> <span class='ocrx_word' id='word_1_494' title='bbox 330 4351 410 4407; x_wconf 84' lang='lat' dir='ltr'>posse</span> <span class='ocrx_word' id='word_1_495' title='bbox 423 4339 583 4407; x_wconf 82' lang='lat' dir='ltr'>transigere.</span> <span class='ocrx_word' id='word_1_496' title='bbox 599 4339 720 4409; x_wconf 77' lang='lat' dir='ltr'>decipiat</span> <span class='ocrx_word' id='word_1_497' title='bbox 731 4342 820 4397; x_wconf 85' lang='lat' dir='ltr'>urirrns</span> <span class='ocrx_word' id='word_1_498' title='bbox 831 4342 934 4400; x_wconf 84' lang='lat' dir='ltr'>liabens</span> <span class='ocrx_word' id='word_1_499' title='bbox 948 4347 988 4400; x_wconf 90' lang='lat' dir='ltr'>in·</span> 
     </span>
     <span class='ocr_line' id='line_1_77' title="bbox 186 4427 989 4506; baseline 0.012 -26"><span class='ocrx_word' id='word_1_500' title='bbox 186 4427 357 4497; x_wconf 87' lang='lat' dir='ltr'>dulgentiam</span> <span class='ocrx_word' id='word_1_501' title='bbox 381 4428 565 4499; x_wconf 88' lang='lat' dir='ltr'>principalem.</span> <span class='ocrx_word' id='word_1_502' title='bbox 581 4427 729 4504; x_wconf 85' lang='lat' dir='ltr'>Egerrtibus</span> <span class='ocrx_word' id='word_1_503' title='bbox 739 4433 843 4500; x_wconf 84' lang='lat' dir='ltr'>jussum</span> <span class='ocrx_word' id='word_1_504' title='bbox 863 4434 937 4506; x_wconf 81' lang='lat' dir='ltr'>[diu.</span> <span class='ocrx_word' id='word_1_505' title='bbox 963 4447 989 4490; x_wconf 85' lang='lat' dir='ltr'>ct</span> 
     </span>
    </p>
   </div>
   <div class='ocr_carea' id='block_1_21' title="bbox 1040 3245 1843 4500">
    <p class='ocr_par' dir='ltr' id='par_1_23' title="bbox 1040 3245 1843 4500">
     <span class='ocr_line' id='line_1_78' title="bbox 1047 3245 1843 3332; baseline 0.013 -30"><span class='ocrx_word' id='word_1_506' title='bbox 1047 3261 1078 3302; x_wconf 91' lang='lat' dir='ltr'>se</span> <span class='ocrx_word' id='word_1_507' title='bbox 1107 3247 1193 3304; x_wconf 89' lang='lat' dir='ltr'>hostis</span> <span class='ocrx_word' id='word_1_508' title='bbox 1215 3263 1265 3305; x_wconf 88' lang='lat' dir='ltr'>sua</span> <span class='ocrx_word' id='word_1_509' title='bbox 1295 3245 1506 3324; x_wconf 80' lang='lat' dir='ltr'>praesumptione</span> <span class='ocrx_word' id='word_1_510' title='bbox 1532 3256 1705 3324; x_wconf 86' lang='lat' dir='ltr'>congemuit,</span> <span class='ocrx_word' id='word_1_511' title='bbox 1734 3258 1843 3332; x_wconf 87' lang='lat' dir='ltr'>quanda</span> 
     </span>
     <span class='ocr_line' id='line_1_79' title="bbox 1047 3336 1841 3419; baseline 0.016 -27"><span class='ocrx_word' id='word_1_512' title='bbox 1047 3336 1122 3393; x_wconf 87' lang='lat' dir='ltr'>illum</span> <span class='ocrx_word' id='word_1_513' title='bbox 1133 3340 1261 3409; x_wconf 83' lang='lat' dir='ltr'>coguovit</span> <span class='ocrx_word' id='word_1_514' title='bbox 1272 3341 1416 3412; x_wconf 77' lang='lat' dir='ltr'>nominatae</span> <span class='ocrx_word' id='word_1_515' title='bbox 1427 3339 1514 3410; x_wconf 81' lang='lat' dir='ltr'>g‘eutis</span> <span class='ocrx_word' id='word_1_516' title='bbox 1527 3359 1588 3401; x_wconf 80' lang='lat' dir='ltr'>esse</span> <span class='ocrx_word' id='word_1_517' title='bbox 1600 3355 1745 3415; x_wconf 86' lang='lat' dir='ltr'>rectorem,</span> <span class='ocrx_word' id='word_1_518' title='bbox 1759 3364 1841 3419; x_wconf 89' lang='lat' dir='ltr'>quent</span> 
     </span>
     <span class='ocr_line' id='line_1_80' title="bbox 1045 3428 1839 3507; baseline 0.015 -25"><span class='ocrx_word' id='word_1_519' title='bbox 1045 3428 1096 3483; x_wconf 93' lang='lat' dir='ltr'>suh</span> <span class='ocrx_word' id='word_1_520' title='bbox 1110 3428 1202 3486; x_wconf 90' lang='lat' dir='ltr'>militis</span> <span class='ocrx_word' id='word_1_521' title='bbox 1214 3431 1323 3487; x_wconf 90' lang='lat' dir='ltr'>nomine</span> <span class='ocrx_word' id='word_1_522' title='bbox 1335 3433 1498 3503; x_wconf 85' lang='lat' dir='ltr'>probaverat</span> <span class='ocrx_word' id='word_1_523' title='bbox 1508 3451 1568 3493; x_wconf 82' lang='lat' dir='ltr'>esse</span> <span class='ocrx_word' id='word_1_524' title='bbox 1579 3437 1752 3506; x_wconf 79' lang='lat' dir='ltr'>singularem.</span> <span class='ocrx_word' id='word_1_525' title='bbox 1764 3440 1839 3507; x_wconf 46' lang='lat' dir='ltr'>Quen</span> 
     </span>
     <span class='ocr_line' id='line_1_81' title="bbox 1046 3520 1840 3600; baseline 0.015 -26"><span class='ocrx_word' id='word_1_526' title='bbox 1046 3520 1097 3577; x_wconf 85' lang='lat' dir='ltr'>ties</span> <span class='ocrx_word' id='word_1_527' title='bbox 1110 3535 1140 3577; x_wconf 86' lang='lat' dir='ltr'>se</span> <span class='ocrx_word' id='word_1_528' title='bbox 1153 3523 1258 3593; x_wconf 90' lang='lat' dir='ltr'>optavit</span> <span class='ocrx_word' id='word_1_529' title='bbox 1278 3523 1312 3580; x_wconf 91' lang='lat' dir='ltr'>de</span> <span class='ocrx_word' id='word_1_530' title='bbox 1336 3527 1392 3580; x_wconf 89' lang='lat' dir='ltr'>suis</span> <span class='ocrx_word' id='word_1_531' title='bbox 1405 3524 1502 3582; x_wconf 86' lang='lat' dir='ltr'>ftnihns</span> <span class='ocrx_word' id='word_1_532' title='bbox 1516 3544 1570 3583; x_wconf 94' lang='lat' dir='ltr'>nun</span> <span class='ocrx_word' id='word_1_533' title='bbox 1584 3529 1660 3584; x_wconf 82' lang='lat' dir='ltr'>exire</span> <span class='ocrx_word' id='word_1_534' title='bbox 1674 3529 1840 3600; x_wconf 79' lang='lat' dir='ltr'>Burgtrridio,</span> 
     </span>
     <span class='ocr_line' id='line_1_82' title="bbox 1045 3613 1840 3693; baseline 0.014 -26"><span class='ocrx_word' id='word_1_535' title='bbox 1045 3628 1080 3668; x_wconf 86' lang='lat' dir='ltr'>ne</span> <span class='ocrx_word' id='word_1_536' title='bbox 1091 3613 1214 3685; x_wconf 88' lang='lat' dir='ltr'>principe</span> <span class='ocrx_word' id='word_1_537' title='bbox 1224 3625 1319 3672; x_wconf 91' lang='lat' dir='ltr'>nostru</span> <span class='ocrx_word' id='word_1_538' title='bbox 1329 3627 1460 3687; x_wconf 86' lang='lat' dir='ltr'>pugnaret</span> <span class='ocrx_word' id='word_1_539' title='bbox 1472 3619 1600 3686; x_wconf 78' lang='lat' dir='ltr'>arfrers03</span> <span class='ocrx_word' id='word_1_540' title='bbox 1613 3620 1762 3690; x_wconf 81' lang='lat' dir='ltr'>cujuslicet</span> <span class='ocrx_word' id='word_1_541' title='bbox 1772 3638 1840 3693; x_wconf 50' lang='lat' dir='ltr'>pruk</span> 
     </span>
     <span class='ocr_line' id='line_1_83' title="bbox 1044 3706 1840 3784; baseline 0.01 -23"><span class='ocrx_word' id='word_1_542' title='bbox 1044 3706 1158 3761; x_wconf 88' lang='lat' dir='ltr'>sentiam</span> <span class='ocrx_word' id='word_1_543' title='bbox 1173 3706 1307 3763; x_wconf 87' lang='lat' dir='ltr'>relevatus</span> <span class='ocrx_word' id='word_1_544' title='bbox 1320 3708 1446 3764; x_wconf 88' lang='lat' dir='ltr'>evaserit.</span> <span class='ocrx_word' id='word_1_545' title='bbox 1465 3709 1619 3765; x_wconf 76' lang='lat' dir='ltr'>felicitatem</span> <span class='ocrx_word' id='word_1_546' title='bbox 1635 3722 1726 3768; x_wconf 73' lang='lat' dir='ltr'>mitten</span> <span class='ocrx_word' id='word_1_547' title='bbox 1746 3715 1840 3784; x_wconf 80' lang='lat' dir='ltr'>preci·</span> 
     </span>
     <span class='ocr_line' id='line_1_84' title="bbox 1044 3797 1837 3869; baseline 0.005 -17"><span class='ocrx_word' id='word_1_548' title='bbox 1044 3797 1146 3869; x_wconf 90' lang='lat' dir='ltr'>pitatus</span> <span class='ocrx_word' id='word_1_549' title='bbox 1159 3800 1289 3856; x_wconf 86' lang='lat' dir='ltr'>incurrit?</span> <span class='ocrx_word' id='word_1_550' title='bbox 1301 3799 1367 3855; x_wconf 82' lang='lat' dir='ltr'>Nam</span> <span class='ocrx_word' id='word_1_551' title='bbox 1381 3817 1444 3857; x_wconf 82' lang='lat' dir='ltr'>mor</span> <span class='ocrx_word' id='word_1_552' title='bbox 1459 3810 1489 3856; x_wconf 91' lang='lat' dir='ltr'>ut</span> <span class='ocrx_word' id='word_1_553' title='bbox 1501 3799 1580 3857; x_wconf 85' lang='lat' dir='ltr'>Gutbi</span> <span class='ocrx_word' id='word_1_554' title='bbox 1596 3802 1630 3857; x_wconf 90' lang='lat' dir='ltr'>ad</span> <span class='ocrx_word' id='word_1_555' title='bbox 1644 3803 1706 3859; x_wconf 87' lang='lat' dir='ltr'>heiti</span> <span class='ocrx_word' id='word_1_556' title='bbox 1720 3805 1837 3861; x_wconf 88' lang='lat' dir='ltr'>studium</span> 
     </span>
     <span class='ocr_line' id='line_1_85' title="bbox 1043 3890 1833 3965; baseline 0.004 -20"><span class='ocrx_word' id='word_1_557' title='bbox 1043 3890 1151 3958; x_wconf 87' lang='lat' dir='ltr'>gemina</span> <span class='ocrx_word' id='word_1_558' title='bbox 1162 3905 1193 3947; x_wconf 89' lang='lat' dir='ltr'>se</span> <span class='ocrx_word' id='word_1_559' title='bbox 1206 3891 1362 3948; x_wconf 89' lang='lat' dir='ltr'>fortitudine</span> <span class='ocrx_word' id='word_1_560' title='bbox 1377 3892 1564 3962; x_wconf 87' lang='lat' dir='ltr'>cotuuierunt,</span> <span class='ocrx_word' id='word_1_561' title='bbox 1578 3892 1614 3948; x_wconf 91' lang='lat' dir='ltr'>ita</span> <span class='ocrx_word' id='word_1_562' title='bbox 1629 3909 1759 3965; x_wconf 89' lang='lat' dir='ltr'>prospera</span> <span class='ocrx_word' id='word_1_563' title='bbox 1772 3911 1833 3952; x_wconf 76' lang='lat' dir='ltr'>curui·</span> 
     </span>
     <span class='ocr_line' id='line_1_86' title="bbox 1043 3983 1837 4057; baseline 0.008 -21"><span class='ocrx_word' id='word_1_564' title='bbox 1043 3983 1193 4039; x_wconf 88' lang='lat' dir='ltr'>certatione</span> <span class='ocrx_word' id='word_1_565' title='bbox 1215 3998 1284 4040; x_wconf 76' lang='lat' dir='ltr'>ctesa</span> <span class='ocrx_word' id='word_1_566' title='bbox 1311 3992 1353 4041; x_wconf 89' lang='lat' dir='ltr'>est</span> <span class='ocrx_word' id='word_1_567' title='bbox 1379 3983 1520 4040; x_wconf 89' lang='lat' dir='ltr'>rebellium</span> <span class='ocrx_word' id='word_1_568' title='bbox 1543 4000 1648 4052; x_wconf 88' lang='lat' dir='ltr'>uranus,</span> <span class='ocrx_word' id='word_1_569' title='bbox 1674 3987 1751 4057; x_wconf 89' lang='lat' dir='ltr'>quasi</span> <span class='ocrx_word' id='word_1_570' title='bbox 1775 3989 1837 4042; x_wconf 81' lang='lat' dir='ltr'>inte</span> 
     </span>
     <span class='ocr_line' id='line_1_87' title="bbox 1043 4076 1838 4152; baseline 0.004 -21"><span class='ocrx_word' id='word_1_571' title='bbox 1043 4076 1138 4143; x_wconf 89' lang='lat' dir='ltr'>nudos,</span> <span class='ocrx_word' id='word_1_572' title='bbox 1153 4076 1217 4132; x_wconf 90' lang='lat' dir='ltr'>hine</span> <span class='ocrx_word' id='word_1_573' title='bbox 1228 4086 1300 4133; x_wconf 90' lang='lat' dir='ltr'>stare</span> <span class='ocrx_word' id='word_1_574' title='bbox 1313 4078 1475 4147; x_wconf 88' lang='lat' dir='ltr'>contigisset</span> <span class='ocrx_word' id='word_1_575' title='bbox 1483 4089 1602 4150; x_wconf 81' lang='lat' dir='ltr'>atrnvatps</span> <span class='ocrx_word' id='word_1_576' title='bbox 1619 4095 1626 4134; x_wconf 77' lang='lat' dir='ltr'>a</span> <span class='ocrx_word' id='word_1_577' title='bbox 1651 4078 1733 4136; x_wconf 82' lang='lat' dir='ltr'>ttrtnt</span> <span class='ocrx_word' id='word_1_578' title='bbox 1755 4084 1838 4152; x_wconf 82' lang='lat' dir='ltr'>aequi·</span> 
     </span>
     <span class='ocr_line' id='line_1_88' title="bbox 1042 4167 1837 4243; baseline 0.01 -22"><span class='ocrx_word' id='word_1_579' title='bbox 1042 4175 1098 4224; x_wconf 91' lang='lat' dir='ltr'>tate</span> <span class='ocrx_word' id='word_1_580' title='bbox 1110 4167 1212 4238; x_wconf 83' lang='lat' dir='ltr'>judieii,</span> <span class='ocrx_word' id='word_1_581' title='bbox 1225 4178 1255 4225; x_wconf 92' lang='lat' dir='ltr'>ut</span> <span class='ocrx_word' id='word_1_582' title='bbox 1269 4169 1295 4225; x_wconf 92' lang='lat' dir='ltr'>iu</span> <span class='ocrx_word' id='word_1_583' title='bbox 1311 4170 1375 4241; x_wconf 91' lang='lat' dir='ltr'>ipsis</span> <span class='ocrx_word' id='word_1_584' title='bbox 1387 4171 1490 4243; x_wconf 88' lang='lat' dir='ltr'>eampis</span> <span class='ocrx_word' id='word_1_585' title='bbox 1503 4171 1595 4242; x_wconf 77' lang='lat' dir='ltr'>prado</span> <span class='ocrx_word' id='word_1_586' title='bbox 1609 4182 1755 4241; x_wconf 84' lang='lat' dir='ltr'>corrueret,</span> <span class='ocrx_word' id='word_1_587' title='bbox 1769 4189 1837 4242; x_wconf 81' lang='lat' dir='ltr'>qens</span> 
     </span>
     <span class='ocr_line' id='line_1_89' title="bbox 1042 4261 1837 4332; baseline 0.008 -19"><span class='ocrx_word' id='word_1_588' title='bbox 1042 4266 1148 4315; x_wconf 90' lang='lat' dir='ltr'>vastare</span> <span class='ocrx_word' id='word_1_589' title='bbox 1162 4262 1341 4332; x_wconf 76' lang='lat' dir='ltr'>presumpsit.</span> <span class='ocrx_word' id='word_1_590' title='bbox 1359 4261 1468 4319; x_wconf 82' lang='lat' dir='ltr'>Exsulta</span> <span class='ocrx_word' id='word_1_591' title='bbox 1482 4262 1697 4318; x_wconf 80' lang='lat' dir='ltr'>adversariorum</span> <span class='ocrx_word' id='word_1_592' title='bbox 1720 4265 1837 4319; x_wconf 87' lang='lat' dir='ltr'>cadave-</span> 
     </span>
     <span class='ocr_line' id='line_1_90' title="bbox 1040 4350 1836 4423; baseline 0.009 -19"><span class='ocrx_word' id='word_1_593' title='bbox 1040 4350 1114 4405; x_wconf 88' lang='lat' dir='ltr'>ribus</span> <span class='ocrx_word' id='word_1_594' title='bbox 1124 4359 1220 4406; x_wconf 90' lang='lat' dir='ltr'>ornata</span> <span class='ocrx_word' id='word_1_595' title='bbox 1231 4353 1384 4423; x_wconf 88' lang='lat' dir='ltr'>provincia;</span> <span class='ocrx_word' id='word_1_596' title='bbox 1400 4368 1525 4409; x_wconf 85' lang='lat' dir='ltr'>acervum</span> <span class='ocrx_word' id='word_1_597' title='bbox 1540 4353 1599 4409; x_wconf 88' lang='lat' dir='ltr'>ride</span> <span class='ocrx_word' id='word_1_598' title='bbox 1609 4353 1742 4420; x_wconf 80' lang='lat' dir='ltr'>tenerum,</span> <span class='ocrx_word' id='word_1_599' title='bbox 1754 4370 1836 4423; x_wconf 87' lang='lat' dir='ltr'>quern</span> 
     </span>
     <span class='ocr_line' id='line_1_91' title="bbox 1041 4440 1835 4500; baseline 0.004 -5"><span class='ocrx_word' id='word_1_600' title='bbox 1041 4440 1210 4497; x_wconf 89' lang='lat' dir='ltr'>inimieorum</span> <span class='ocrx_word' id='word_1_601' title='bbox 1224 4442 1289 4498; x_wconf 91' lang='lat' dir='ltr'>vitio</span> <span class='ocrx_word' id='word_1_602' title='bbox 1299 4450 1407 4497; x_wconf 84' lang='lat' dir='ltr'>coastat</span> <span class='ocrx_word' id='word_1_603' title='bbox 1420 4442 1554 4498; x_wconf 88' lang='lat' dir='ltr'>effectum.</span> <span class='ocrx_word' id='word_1_604' title='bbox 1572 4440 1648 4496; x_wconf 83' lang='lat' dir='ltr'>Nune</span> <span class='ocrx_word' id='word_1_605' title='bbox 1658 4442 1835 4500; x_wconf 86' lang='lat' dir='ltr'>meliusculta</span> 
     </span>
    </p>
   </div>
   <div class='ocr_carea' id='block_1_22' title="bbox 187 4519 1837 4604">
    <p class='ocr_par' dir='ltr' id='par_1_24' title="bbox 187 4519 1837 4604">
     <span class='ocr_line' id='line_1_92' title="bbox 187 4519 1837 4604; baseline 0.008 -31"><span class='ocrx_word' id='word_1_606' title='bbox 187 4519 255 4583; x_wconf 67' lang='lat' dir='ltr'>Ge„</span> <span class='ocrx_word' id='word_1_607' title='bbox 268 4519 365 4592; x_wconf 86' lang='lat' dir='ltr'>visum]</span> <span class='ocrx_word' id='word_1_608' title='bbox 379 4529 431 4585; x_wconf 89' lang='lat' dir='ltr'>est,</span> <span class='ocrx_word' id='word_1_609' title='bbox 448 4537 502 4577; x_wconf 91' lang='lat' dir='ltr'>non</span> <span class='ocrx_word' id='word_1_610' title='bbox 513 4521 651 4585; x_wconf 86' lang='lat' dir='ltr'>divitibus,</span> <span class='ocrx_word' id='word_1_611' title='bbox 662 4523 815 4580; x_wconf 86' lang='lat' dir='ltr'>subvenire.</span> <span class='ocrx_word' id='word_1_612' title='bbox 828 4523 925 4581; x_wconf 82' lang='lat' dir='ltr'>Fundit</span> <span class='ocrx_word' id='word_1_613' title='bbox 937 4542 986 4597; x_wconf 91' lang='lat' dir='ltr'>po·</span> <span class='ocrx_word' id='word_1_614' title='bbox 1002 4519 1025 4577; x_wconf 86' lang='lat' dir='ltr'>tt</span> <span class='ocrx_word' id='word_1_615' title='bbox 1038 4529 1155 4600; x_wconf 89' lang='lat' dir='ltr'>Liguria,</span> <span class='ocrx_word' id='word_1_616' title='bbox 1170 4531 1224 4597; x_wconf 90' lang='lat' dir='ltr'>eui,</span> <span class='ocrx_word' id='word_1_617' title='bbox 1243 4540 1341 4600; x_wconf 90' lang='lat' dir='ltr'>negato</span> <span class='ocrx_word' id='word_1_618' title='bbox 1357 4530 1445 4589; x_wconf 81' lang='lat' dir='ltr'>fructu</span> <span class='ocrx_word' id='word_1_619' title='bbox 1464 4531 1575 4600; x_wconf 85' lang='lat' dir='ltr'>segetis,</span> <span class='ocrx_word' id='word_1_620' title='bbox 1591 4532 1687 4589; x_wconf 76' lang='lat' dir='ltr'>insessis</span> <span class='ocrx_word' id='word_1_621' title='bbox 1711 4535 1837 4604; x_wconf 89' lang='lat' dir='ltr'>provenit</span> 
     </span>
    </p>
   </div>
   <div class='ocr_carea' id='block_1_23' title="bbox 178 4611 986 5234">
    <p class='ocr_par' dir='ltr' id='par_1_25' title="bbox 178 4611 986 5234">
     <span class='ocr_line' id='line_1_93' title="bbox 186 4611 985 4685; baseline 0.008 -20"><span class='ocrx_word' id='word_1_622' title='bbox 186 4611 253 4676; x_wconf 83' lang='lat' dir='ltr'>titas,</span> <span class='ocrx_word' id='word_1_623' title='bbox 271 4612 317 4682; x_wconf 92' lang='lat' dir='ltr'>qui</span> <span class='ocrx_word' id='word_1_624' title='bbox 332 4612 414 4667; x_wconf 89' lang='lat' dir='ltr'>mittit</span> <span class='ocrx_word' id='word_1_625' title='bbox 428 4612 455 4666; x_wconf 93' lang='lat' dir='ltr'>in</span> <span class='ocrx_word' id='word_1_626' title='bbox 466 4612 593 4682; x_wconf 88' lang='lat' dir='ltr'>plenum;</span> <span class='ocrx_word' id='word_1_627' title='bbox 607 4627 668 4667; x_wconf 91' lang='lat' dir='ltr'>nam</span> <span class='ocrx_word' id='word_1_628' title='bbox 679 4613 743 4668; x_wconf 89' lang='lat' dir='ltr'>iilud</span> <span class='ocrx_word' id='word_1_629' title='bbox 757 4616 847 4685; x_wconf 89' lang='lat' dir='ltr'>potius</span> <span class='ocrx_word' id='word_1_630' title='bbox 862 4619 985 4673; x_wconf 85' lang='lat' dir='ltr'>recondi-</span> 
     </span>
     <span class='ocr_line' id='line_1_94' title="bbox 185 4702 986 4779; baseline 0.011 -24"><span class='ocrx_word' id='word_1_631' title='bbox 185 4708 244 4767; x_wconf 92' lang='lat' dir='ltr'>tur,</span> <span class='ocrx_word' id='word_1_632' title='bbox 261 4702 333 4772; x_wconf 85' lang='lat' dir='ltr'>quod</span> <span class='ocrx_word' id='word_1_633' title='bbox 346 4702 417 4758; x_wconf 87' lang='lat' dir='ltr'>rasis</span> <span class='ocrx_word' id='word_1_634' title='bbox 430 4703 521 4759; x_wconf 87' lang='lat' dir='ltr'>vacuis</span> <span class='ocrx_word' id='word_1_635' title='bbox 533 4712 722 4773; x_wconf 89' lang='lat' dir='ltr'>congregatur.</span> <span class='ocrx_word' id='word_1_636' title='bbox 743 4704 986 4779; x_wconf 83' lang='lat' dir='ltr'>Qtraproptersan·</span> 
     </span>
     <span class='ocr_line' id='line_1_95' title="bbox 182 4793 982 4870; baseline 0.005 -20"><span class='ocrx_word' id='word_1_637' title='bbox 182 4795 272 4850; x_wconf 83' lang='lat' dir='ltr'>etitas</span> <span class='ocrx_word' id='word_1_638' title='bbox 286 4804 375 4850; x_wconf 89' lang='lat' dir='ltr'>vestra</span> <span class='ocrx_word' id='word_1_639' title='bbox 389 4794 571 4851; x_wconf 81' lang='lat' dir='ltr'>miserationis</span> <span class='ocrx_word' id='word_1_640' title='bbox 580 4793 670 4853; x_wconf 89' lang='lat' dir='ltr'>ofbeia</span> <span class='ocrx_word' id='word_1_641' title='bbox 686 4812 741 4853; x_wconf 92' lang='lat' dir='ltr'>non</span> <span class='ocrx_word' id='word_1_642' title='bbox 752 4806 828 4869; x_wconf 91' lang='lat' dir='ltr'>putet</span> <span class='ocrx_word' id='word_1_643' title='bbox 841 4798 982 4870; x_wconf 86' lang='lat' dir='ltr'>injuriam:</span> 
     </span>
     <span class='ocr_line' id='line_1_96' title="bbox 180 4887 983 4961; baseline 0.01 -21"><span class='ocrx_word' id='word_1_644' title='bbox 180 4887 251 4957; x_wconf 88' lang='lat' dir='ltr'>qnia</span> <span class='ocrx_word' id='word_1_645' title='bbox 268 4895 355 4943; x_wconf 91' lang='lat' dir='ltr'>totum</span> <span class='ocrx_word' id='word_1_646' title='bbox 367 4887 566 4956; x_wconf 85' lang='lat' dir='ltr'>rohisdignnm</span> <span class='ocrx_word' id='word_1_647' title='bbox 580 4897 631 4956; x_wconf 85' lang='lat' dir='ltr'>est,</span> <span class='ocrx_word' id='word_1_648' title='bbox 652 4890 697 4945; x_wconf 91' lang='lat' dir='ltr'>uhi</span> <span class='ocrx_word' id='word_1_649' title='bbox 720 4891 808 4961; x_wconf 91' lang='lat' dir='ltr'>pietas</span> <span class='ocrx_word' id='word_1_650' title='bbox 829 4893 983 4961; x_wconf 75' lang='lat' dir='ltr'>iuvenitur3</span> 
     </span>
     <span class='ocr_line' id='line_1_97' title="bbox 179 4978 986 5051; baseline 0.007 -18"><span class='ocrx_word' id='word_1_651' title='bbox 179 4978 320 5047; x_wconf 89' lang='lat' dir='ltr'>siquidem</span> <span class='ocrx_word' id='word_1_652' title='bbox 340 4980 429 5036; x_wconf 87' lang='lat' dir='ltr'>aliena</span> <span class='ocrx_word' id='word_1_653' title='bbox 451 4979 584 5036; x_wconf 89' lang='lat' dir='ltr'>desideria</span> <span class='ocrx_word' id='word_1_654' title='bbox 609 4979 724 5038; x_wconf 85' lang='lat' dir='ltr'>ttdelttcr</span> <span class='ocrx_word' id='word_1_655' title='bbox 746 4996 851 5051; x_wconf 87' lang='lat' dir='ltr'>gerere,</span> <span class='ocrx_word' id='word_1_656' title='bbox 875 4985 927 5041; x_wconf 92' lang='lat' dir='ltr'>boe</span> <span class='ocrx_word' id='word_1_657' title='bbox 944 4997 986 5040; x_wconf 84' lang='lat' dir='ltr'>est</span> 
     </span>
     <span class='ocr_line' id='line_1_98' title="bbox 179 5068 983 5144; baseline 0.009 -21"><span class='ocrx_word' id='word_1_658' title='bbox 179 5068 259 5123; x_wconf 89' lang='lat' dir='ltr'>huna</span> <span class='ocrx_word' id='word_1_659' title='bbox 273 5070 383 5141; x_wconf 89' lang='lat' dir='ltr'>propria</span> <span class='ocrx_word' id='word_1_660' title='bbox 398 5069 552 5140; x_wconf 78' lang='lat' dir='ltr'>perfecisse.</span> <span class='ocrx_word' id='word_1_661' title='bbox 568 5071 609 5126; x_wconf 82' lang='lat' dir='ltr'>ad</span> <span class='ocrx_word' id='word_1_662' title='bbox 619 5087 700 5142; x_wconf 91' lang='lat' dir='ltr'>quam</span> <span class='ocrx_word' id='word_1_663' title='bbox 712 5087 780 5136; x_wconf 86' lang='lat' dir='ltr'>reru,</span> <span class='ocrx_word' id='word_1_664' title='bbox 796 5072 852 5134; x_wconf 78' lang='lat' dir='ltr'>beo</span> <span class='ocrx_word' id='word_1_665' title='bbox 862 5073 983 5144; x_wconf 86' lang='lat' dir='ltr'>juvante,</span> 
     </span>
     <span class='ocr_line' id='line_1_99' title="bbox 178 5160 982 5234; baseline 0.011 -22"><span class='ocrx_word' id='word_1_666' title='bbox 178 5160 383 5230; x_wconf 86' lang='lat' dir='ltr'>procurandam</span> <span class='ocrx_word' id='word_1_667' title='bbox 396 5160 470 5216; x_wconf 89' lang='lat' dir='ltr'>ilium</span> <span class='ocrx_word' id='word_1_668' title='bbox 480 5162 646 5234; x_wconf 89' lang='lat' dir='ltr'>atqueillum</span> <span class='ocrx_word' id='word_1_669' title='bbox 659 5163 811 5220; x_wconf 88' lang='lat' dir='ltr'>curavimus</span> <span class='ocrx_word' id='word_1_670' title='bbox 826 5164 962 5222; x_wconf 87' lang='lat' dir='ltr'>destinare</span> <span class='ocrx_word' id='word_1_671' title='bbox 975 5187 982 5221; x_wconf 75' lang='grc' dir='ltr'><strong><em>ε</em></strong></span> 
     </span>
    </p>
   </div>
   <div class='ocr_carea' id='block_1_24' title="bbox 173 5365 981 5798">
    <p class='ocr_par' dir='ltr' id='par_1_26' title="bbox 173 5365 981 5798">
     <span class='ocr_line' id='line_1_100' title="bbox 216 5365 980 5456; baseline 0.008 -34"><span class='ocrx_word' id='word_1_672' title='bbox 216 5377 230 5404; x_wconf 80' lang='lat'>¹·</span> <span class='ocrx_word' id='word_1_673' title='bbox 248 5365 308 5424; x_wconf 88' lang='lat' dir='ltr'>iioe</span> <span class='ocrx_word' id='word_1_674' title='bbox 321 5370 449 5440; x_wconf 84' lang='lat' dir='ltr'>scriptum</span> <span class='ocrx_word' id='word_1_675' title='bbox 464 5378 505 5428; x_wconf 83' lang='lat' dir='ltr'>est</span> <span class='ocrx_word' id='word_1_676' title='bbox 515 5378 576 5442; x_wconf 86' lang='lat' dir='ltr'>post</span> <span class='ocrx_word' id='word_1_677' title='bbox 590 5372 756 5429; x_wconf 88' lang='lat' dir='ltr'>consulatum</span> <span class='ocrx_word' id='word_1_678' title='bbox 771 5371 911 5431; x_wconf 79' lang='lat' dir='ltr'>Belisarii:</span> <span class='ocrx_word' id='word_1_679' title='bbox 927 5391 980 5456; x_wconf 84' lang='lat' dir='ltr'>quo</span> 
     </span>
     <span class='ocr_line' id='line_1_101' title="bbox 177 5439 981 5516; baseline 0.012 -25"><span class='ocrx_word' id='word_1_680' title='bbox 177 5445 309 5508; x_wconf 71' lang='lat' dir='ltr'>lctttpote</span> <span class='ocrx_word' id='word_1_681' title='bbox 324 5441 452 5497; x_wconf 86' lang='lat' dir='ltr'>adversus</span> <span class='ocrx_word' id='word_1_682' title='bbox 465 5439 592 5509; x_wconf 84' lang='lat' dir='ltr'>Witigetn</span> <span class='ocrx_word' id='word_1_683' title='bbox 607 5444 756 5497; x_wconf 70' lang='lat' dir='ltr'>erraberunt</span> <span class='ocrx_word' id='word_1_684' title='bbox 781 5459 872 5515; x_wconf 84' lang='lat' dir='ltr'>regern</span> <span class='ocrx_word' id='word_1_685' title='bbox 893 5446 981 5516; x_wconf 70' lang='lat' dir='ltr'>(curtus</span> 
     </span>
     <span class='ocr_line' id='line_1_102' title="bbox 175 5509 981 5587; baseline 0.011 -25"><span class='ocrx_word' id='word_1_686' title='bbox 175 5509 401 5581; x_wconf 73' lang='lat' dir='ltr'>atinunraupra,</span> <span class='ocrx_word' id='word_1_687' title='bbox 422 5513 468 5567; x_wconf 89' lang='lat' dir='ltr'>lib.</span> <span class='ocrx_word' id='word_1_688' title='bbox 493 5528 520 5578; x_wconf 81' lang='lat' dir='ltr'>x,</span> <span class='ocrx_word' id='word_1_689' title='bbox 542 5522 648 5577; x_wconf 64' lang='lat' dir='ltr'>exstant</span> <span class='ocrx_word' id='word_1_690' title='bbox 670 5514 810 5587; x_wconf 84' lang='lat' dir='ltr'>rescripta)</span> <span class='ocrx_word' id='word_1_691' title='bbox 838 5515 981 5571; x_wconf 76' lang='lat' dir='ltr'>belisarius</span> 
     </span>
     <span class='ocr_line' id='line_1_103' title="bbox 176 5579 981 5642; baseline 0.011 -11"><span class='ocrx_word' id='word_1_692' title='bbox 176 5579 301 5633; x_wconf 74' lang='lat' dir='ltr'>Reriram</span> <span class='ocrx_word' id='word_1_693' title='bbox 315 5583 339 5636; x_wconf 89' lang='lat' dir='ltr'>vi</span> <span class='ocrx_word' id='word_1_694' title='bbox 351 5582 479 5638; x_wconf 90' lang='lat' dir='ltr'>obtinens</span> <span class='ocrx_word' id='word_1_695' title='bbox 497 5584 649 5638; x_wconf 86' lang='lat' dir='ltr'>resistebat.</span> <span class='ocrx_word' id='word_1_696' title='bbox 666 5584 731 5639; x_wconf 80' lang='lat' dir='ltr'>liam</span> <span class='ocrx_word' id='word_1_697' title='bbox 756 5599 790 5639; x_wconf 92' lang='lat' dir='ltr'>co</span> <span class='ocrx_word' id='word_1_698' title='bbox 813 5601 885 5641; x_wconf 84' lang='lat' dir='ltr'>antro</span> <span class='ocrx_word' id='word_1_699' title='bbox 907 5595 981 5642; x_wconf 89' lang='lat' dir='ltr'>tanta</span> 
     </span>
     <span class='ocr_line' id='line_1_104' title="bbox 195 5650 981 5737; baseline 0.014 -36"><span class='ocrx_word' id='word_1_700' title='bbox 195 5666 230 5702; x_wconf 89' lang='lat' dir='ltr'>er</span> <span class='ocrx_word' id='word_1_701' title='bbox 246 5650 399 5707; x_wconf 86' lang='lat' dir='ltr'>utriversnnt</span> <span class='ocrx_word' id='word_1_702' title='bbox 413 5653 497 5709; x_wconf 85' lang='lat' dir='ltr'>fantes</span> <span class='ocrx_word' id='word_1_703' title='bbox 508 5653 567 5714; x_wconf 88' lang='lat' dir='ltr'>fuit,</span> <span class='ocrx_word' id='word_1_704' title='bbox 584 5666 612 5706; x_wconf 93' lang='grc' dir='ltr'>ιιι</span> <span class='ocrx_word' id='word_1_705' title='bbox 628 5656 718 5712; x_wconf 80' lang='lat' dir='ltr'>flaturus</span> <span class='ocrx_word' id='word_1_706' title='bbox 728 5654 870 5737; x_wconf 81' lang='lat' dir='ltr'>episeopus</span> <span class='ocrx_word' id='word_1_707' title='bbox 880 5655 981 5712; x_wconf 88' lang='lat' dir='ltr'>liedio·</span> 
     </span>
     <span class='ocr_line' id='line_1_105' title="bbox 173 5666 979 5798; baseline 0.01 -21"><span class='ocrx_word' id='word_1_708' title='bbox 173 5666 304 5777; x_wconf 70' lang='lat' dir='ltr'>irruemus</span> <span class='ocrx_word' id='word_1_709' title='bbox 317 5721 448 5779; x_wconf 85' lang='lat' dir='ltr'>relatione</span> <span class='ocrx_word' id='word_1_710' title='bbox 459 5739 505 5780; x_wconf 85' lang='lat' dir='ltr'>sua</span> <span class='ocrx_word' id='word_1_711' title='bbox 520 5725 573 5778; x_wconf 82' lang='lat' dir='ltr'>troc</span> <span class='ocrx_word' id='word_1_712' title='bbox 585 5725 723 5783; x_wconf 87' lang='lat' dir='ltr'>evidenter</span> <span class='ocrx_word' id='word_1_713' title='bbox 735 5736 881 5793; x_wconf 78' lang='lat' dir='ltr'>curarent,</span> <span class='ocrx_word' id='word_1_714' title='bbox 897 5741 979 5798; x_wconf 88' lang='lat' dir='ltr'>qnas-</span> 
     </span>
    </p>
   </div>
   <div class='ocr_carea' id='block_1_25' title="bbox 771 5837 867 5925">
    <p class='ocr_par' dir='ltr' id='par_1_27' title="bbox 771 5837 867 5925">
     <span class='ocr_line' id='line_1_106' title="bbox 771 5837 867 5925; baseline 0.021 -81"><span class='ocrx_word' id='word_1_715' title='bbox 771 5875 808 5925; x_wconf 60' lang='grc'><strong><em>,</em></strong></span> <span class='ocrx_word' id='word_1_716' title='bbox 862 5837 867 5846; x_wconf 87' lang='grc'><strong>.</strong></span> 
     </span>
    </p>
   </div>
   <div class='ocr_carea' id='block_1_26' title="bbox 1038 4621 1835 5244">
    <p class='ocr_par' dir='ltr' id='par_1_28' title="bbox 1038 4621 1835 5244">
     <span class='ocr_line' id='line_1_107' title="bbox 1039 4621 1835 4694; baseline -0.001 -17"><span class='ocrx_word' id='word_1_717' title='bbox 1039 4622 1154 4677; x_wconf 89' lang='lat' dir='ltr'>hostilis.</span> <span class='ocrx_word' id='word_1_718' title='bbox 1168 4621 1235 4676; x_wconf 89' lang='lat' dir='ltr'>Nam</span> <span class='ocrx_word' id='word_1_719' title='bbox 1250 4622 1299 4677; x_wconf 86' lang='lat' dir='ltr'>etsi</span> <span class='ocrx_word' id='word_1_720' title='bbox 1313 4622 1413 4677; x_wconf 83' lang='lat' dir='ltr'>tributa</span> <span class='ocrx_word' id='word_1_721' title='bbox 1427 4632 1470 4676; x_wconf 91' lang='lat' dir='ltr'>tua</span> <span class='ocrx_word' id='word_1_722' title='bbox 1482 4623 1572 4677; x_wconf 88' lang='lat' dir='ltr'>rninus</span> <span class='ocrx_word' id='word_1_723' title='bbox 1582 4630 1728 4694; x_wconf 88' lang='lat' dir='ltr'>potuerunt</span> <span class='ocrx_word' id='word_1_724' title='bbox 1738 4624 1835 4694; x_wconf 77' lang='lat' dir='ltr'>accipi,</span> 
     </span>
     <span class='ocr_line' id='line_1_108' title="bbox 1040 4709 1834 4784; baseline 0.003 -18"><span class='ocrx_word' id='word_1_725' title='bbox 1040 4711 1191 4784; x_wconf 88' lang='lat' dir='ltr'>triumphos</span> <span class='ocrx_word' id='word_1_726' title='bbox 1207 4713 1234 4768; x_wconf 89' lang='lat' dir='ltr'>in</span> <span class='ocrx_word' id='word_1_727' title='bbox 1250 4721 1277 4769; x_wconf 88' lang='lat' dir='ltr'>te</span> <span class='ocrx_word' id='word_1_728' title='bbox 1292 4721 1371 4769; x_wconf 84' lang='lat' dir='ltr'>iratos</span> <span class='ocrx_word' id='word_1_729' title='bbox 1382 4713 1499 4769; x_wconf 88' lang='lat' dir='ltr'>feliciter</span> <span class='ocrx_word' id='word_1_730' title='bbox 1510 4714 1642 4770; x_wconf 83' lang='lat' dir='ltr'>obtulisti.</span> <span class='ocrx_word' id='word_1_731' title='bbox 1656 4709 1704 4769; x_wconf 89' lang='lat' dir='ltr'>iiis</span> <span class='ocrx_word' id='word_1_732' title='bbox 1726 4715 1834 4770; x_wconf 90' lang='lat' dir='ltr'>additur</span> 
     </span>
     <span class='ocr_line' id='line_1_109' title="bbox 1039 4802 1835 4878; baseline 0.001 -20"><span class='ocrx_word' id='word_1_733' title='bbox 1039 4803 1249 4862; x_wconf 79' lang='lat' dir='ltr'>hlernannorum</span> <span class='ocrx_word' id='word_1_734' title='bbox 1265 4821 1351 4876; x_wconf 90' lang='lat' dir='ltr'>nuper</span> <span class='ocrx_word' id='word_1_735' title='bbox 1365 4802 1454 4874; x_wconf 87' lang='lat' dir='ltr'>fugata</span> <span class='ocrx_word' id='word_1_736' title='bbox 1465 4805 1616 4878; x_wconf 88' lang='lat' dir='ltr'>subreptio,</span> <span class='ocrx_word' id='word_1_737' title='bbox 1630 4820 1690 4874; x_wconf 71' lang='lat' dir='ltr'>quae</span> <span class='ocrx_word' id='word_1_738' title='bbox 1703 4805 1729 4860; x_wconf 91' lang='lat' dir='ltr'>in</span> <span class='ocrx_word' id='word_1_739' title='bbox 1740 4805 1835 4876; x_wconf 85' lang='lat' dir='ltr'>prirnis</span> 
     </span>
     <span class='ocr_line' id='line_1_110' title="bbox 1040 4897 1835 4970; baseline 0.001 -18"><span class='ocrx_word' id='word_1_740' title='bbox 1040 4897 1182 4954; x_wconf 89' lang='lat' dir='ltr'>conatibus</span> <span class='ocrx_word' id='word_1_741' title='bbox 1205 4900 1261 4955; x_wconf 87' lang='lat' dir='ltr'>suis</span> <span class='ocrx_word' id='word_1_742' title='bbox 1284 4900 1324 4955; x_wconf 93' lang='lat' dir='ltr'>sie</span> <span class='ocrx_word' id='word_1_743' title='bbox 1343 4900 1474 4969; x_wconf 90' lang='lat' dir='ltr'>probatur</span> <span class='ocrx_word' id='word_1_744' title='bbox 1487 4914 1629 4970; x_wconf 87' lang='lat' dir='ltr'>oppressa,</span> <span class='ocrx_word' id='word_1_745' title='bbox 1644 4908 1674 4952; x_wconf 88' lang='lat' dir='ltr'>ut</span> <span class='ocrx_word' id='word_1_746' title='bbox 1685 4898 1765 4954; x_wconf 85' lang='lat' dir='ltr'>sinrul</span> <span class='ocrx_word' id='word_1_747' title='bbox 1787 4900 1835 4953; x_wconf 89' lang='lat' dir='ltr'>ad·</span> 
     </span>
     <span class='ocr_line' id='line_1_111' title="bbox 1038 4988 1833 5059; baseline 0.003 -17"><span class='ocrx_word' id='word_1_748' title='bbox 1038 4997 1149 5043; x_wconf 90' lang='lat' dir='ltr'>ventutu</span> <span class='ocrx_word' id='word_1_749' title='bbox 1173 5004 1252 5045; x_wconf 89' lang='lat' dir='ltr'>suum</span> <span class='ocrx_word' id='word_1_750' title='bbox 1271 4988 1405 5058; x_wconf 78' lang='lat' dir='ltr'>junxisset</span> <span class='ocrx_word' id='word_1_751' title='bbox 1417 4997 1446 5045; x_wconf 90' lang='lat' dir='ltr'>et</span> <span class='ocrx_word' id='word_1_752' title='bbox 1465 4991 1579 5057; x_wconf 76' lang='lat' dir='ltr'>exitum,</span> <span class='ocrx_word' id='word_1_753' title='bbox 1602 4988 1680 5059; x_wconf 85' lang='lat' dir='ltr'>quasi</span> <span class='ocrx_word' id='word_1_754' title='bbox 1707 4989 1833 5045; x_wconf 72' lang='lat' dir='ltr'>salcime</span> 
     </span>
     <span class='ocr_line' id='line_1_112' title="bbox 1038 5078 1834 5152; baseline 0.004 -18"><span class='ocrx_word' id='word_1_755' title='bbox 1038 5078 1100 5135; x_wconf 90' lang='lat' dir='ltr'>ferri</span> <span class='ocrx_word' id='word_1_756' title='bbox 1114 5081 1287 5137; x_wconf 80' lang='lat' dir='ltr'>exsecatione</span> <span class='ocrx_word' id='word_1_757' title='bbox 1296 5079 1429 5151; x_wconf 68' lang='lat' dir='ltr'>‘purgata;</span> <span class='ocrx_word' id='word_1_758' title='bbox 1444 5093 1577 5152; x_wconf 86' lang='lat' dir='ltr'>quatenus</span> <span class='ocrx_word' id='word_1_759' title='bbox 1590 5088 1619 5137; x_wconf 90' lang='lat' dir='ltr'>et</span> <span class='ocrx_word' id='word_1_760' title='bbox 1639 5081 1710 5136; x_wconf 90' lang='lat' dir='ltr'>male</span> <span class='ocrx_word' id='word_1_761' title='bbox 1733 5098 1834 5152; x_wconf 71' lang='lat' dir='ltr'>praesu·</span> 
     </span>
     <span class='ocr_line' id='line_1_113' title="bbox 1038 5171 1831 5244; baseline 0.009 -21"><span class='ocrx_word' id='word_1_762' title='bbox 1038 5172 1167 5226; x_wconf 79' lang='lat' dir='ltr'>virentium</span> <span class='ocrx_word' id='word_1_763' title='bbox 1180 5171 1360 5229; x_wconf 84' lang='lat' dir='ltr'>vindicaretur</span> <span class='ocrx_word' id='word_1_764' title='bbox 1373 5188 1510 5236; x_wconf 83' lang='lat' dir='ltr'>excessus,</span> <span class='ocrx_word' id='word_1_765' title='bbox 1529 5182 1557 5228; x_wconf 89' lang='lat' dir='ltr'>et</span> <span class='ocrx_word' id='word_1_766' title='bbox 1579 5173 1761 5244; x_wconf 77' lang='lat' dir='ltr'>subjectorum</span> <span class='ocrx_word' id='word_1_767' title='bbox 1778 5191 1831 5230; x_wconf 92' lang='lat' dir='ltr'>nou</span> 
     </span>
    </p>
   </div>
   <div class='ocr_carea' id='block_1_27' title="bbox 1034 5372 1832 5712">
    <p class='ocr_par' dir='ltr' id='par_1_29' title="bbox 1034 5372 1832 5712">
     <span class='ocr_line' id='line_1_114' title="bbox 1034 5372 1832 5446; baseline 0.008 -18"><span class='ocrx_word' id='word_1_768' title='bbox 1034 5373 1095 5428; x_wconf 88' lang='lat' dir='ltr'>darn</span> <span class='ocrx_word' id='word_1_769' title='bbox 1110 5373 1235 5431; x_wconf 84' lang='lat' dir='ltr'>mulieres</span> <span class='ocrx_word' id='word_1_770' title='bbox 1249 5374 1275 5428; x_wconf 90' lang='lat' dir='ltr'>in</span> <span class='ocrx_word' id='word_1_771' title='bbox 1290 5372 1403 5446; x_wconf 75' lang='lat' dir='ltr'>Liguriae</span> <span class='ocrx_word' id='word_1_772' title='bbox 1414 5376 1534 5445; x_wconf 89' lang='lat' dir='ltr'>partibus</span> <span class='ocrx_word' id='word_1_773' title='bbox 1545 5393 1578 5434; x_wconf 80' lang='lat' dir='ltr'>ox</span> <span class='ocrx_word' id='word_1_774' title='bbox 1594 5377 1691 5433; x_wconf 86' lang='lat' dir='ltr'>familia</span> <span class='ocrx_word' id='word_1_775' title='bbox 1706 5376 1832 5435; x_wconf 76' lang='lat' dir='ltr'>Ecclesia</span> 
     </span>
     <span class='ocr_line' id='line_1_115' title="bbox 1035 5445 1832 5515; baseline 0.01 -17"><span class='ocrx_word' id='word_1_776' title='bbox 1035 5460 1089 5498; x_wconf 81' lang='lat' dir='ltr'>suae</span> <span class='ocrx_word' id='word_1_777' title='bbox 1104 5445 1227 5514; x_wconf 88' lang='lat' dir='ltr'>proprios</span> <span class='ocrx_word' id='word_1_778' title='bbox 1242 5445 1310 5499; x_wconf 87' lang='lat' dir='ltr'>tttios</span> <span class='ocrx_word' id='word_1_779' title='bbox 1325 5460 1380 5515; x_wconf 78' lang='lat' dir='ltr'>prae</span> <span class='ocrx_word' id='word_1_780' title='bbox 1401 5445 1483 5501; x_wconf 81' lang='lat' dir='ltr'>niuniu</span> <span class='ocrx_word' id='word_1_781' title='bbox 1507 5447 1577 5503; x_wconf 89' lang='lat' dir='ltr'>fame</span> <span class='ocrx_word' id='word_1_782' title='bbox 1594 5450 1754 5506; x_wconf 85' lang='lat' dir='ltr'>comedisse.</span> <span class='ocrx_word' id='word_1_783' title='bbox 1768 5451 1832 5506; x_wconf 68' lang='lat' dir='ltr'>ilaue</span> 
     </span>
     <span class='ocr_line' id='line_1_116' title="bbox 1034 5512 1832 5602; baseline 0.008 -32"><span class='ocrx_word' id='word_1_784' title='bbox 1034 5530 1068 5570; x_wconf 86' lang='lat' dir='ltr'>ex</span> <span class='ocrx_word' id='word_1_785' title='bbox 1081 5514 1149 5569; x_wconf 90' lang='lat' dir='ltr'>fibro</span> <span class='ocrx_word' id='word_1_786' title='bbox 1166 5512 1314 5570; x_wconf 84' lang='lat' dir='ltr'>Puritilieali</span> <span class='ocrx_word' id='word_1_787' title='bbox 1329 5518 1356 5570; x_wconf 90' lang='lat' dir='ltr'>in</span> <span class='ocrx_word' id='word_1_788' title='bbox 1372 5515 1432 5571; x_wconf 82' lang='lat' dir='ltr'>fita</span> <span class='ocrx_word' id='word_1_789' title='bbox 1447 5515 1553 5575; x_wconf 79' lang='lat' dir='ltr'>silverii</span> <span class='ocrx_word' id='word_1_790' title='bbox 1567 5534 1654 5590; x_wconf 71' lang='lat' dir='ltr'>papas,</span> <span class='ocrx_word' id='word_1_791' title='bbox 1670 5531 1832 5602; x_wconf 74' lang='lat' dir='ltr'>quaeratur</span> 
     </span>
     <span class='ocr_line' id='line_1_117' title="bbox 1035 5582 1827 5709; baseline 0.006 -70"><span class='ocrx_word' id='word_1_792' title='bbox 1035 5582 1149 5709; x_wconf 62' lang='lat' dir='ltr'>tonnFll</span> <span class='ocrx_word' id='word_1_793' title='bbox 1173 5583 1367 5657; x_wconf 76' lang='lat' dir='ltr'>conciliorum,</span> <span class='ocrx_word' id='word_1_794' title='bbox 1386 5588 1451 5645; x_wconf 91' lang='lat' dir='ltr'>item</span> <span class='ocrx_word' id='word_1_795' title='bbox 1476 5603 1511 5645; x_wconf 80' lang='lat' dir='ltr'>ox</span> <span class='ocrx_word' id='word_1_796' title='bbox 1530 5588 1614 5647; x_wconf 87' lang='lat' dir='ltr'>Paulo</span> <span class='ocrx_word' id='word_1_797' title='bbox 1634 5590 1765 5658; x_wconf 83' lang='lat' dir='ltr'>Diacono,</span> <span class='ocrx_word' id='word_1_798' title='bbox 1782 5592 1827 5646; x_wconf 82' lang='lat' dir='ltr'>lah.</span> 
     </span>
     <span class='ocr_line' id='line_1_118' title="bbox 1035 5669 1234 5712; baseline -0.02 0"><span class='ocrx_word' id='word_1_799' title='bbox 1035 5670 1098 5712; x_wconf 79' lang='lat' dir='ltr'>san.</span> <span class='ocrx_word' id='word_1_800' title='bbox 1137 5669 1234 5710; x_wconf 79' lang='lat' dir='ltr'>osaea.</span> 
     </span>
    </p>
   </div>
   <div class='ocr_carea' id='block_1_28' title="bbox 0 0 2034 6184">
    <p class='ocr_par' dir='ltr' id='par_1_30' title="bbox 0 0 2034 6184">
     <span class='ocr_line' id='line_1_119' title="bbox 0 0 2034 6184; baseline 0 8"><span class='ocrx_word' id='word_1_801' title='bbox 0 0 2034 6184; x_wconf 95' lang='lat' dir='ltr'> </span> 
     </span>
    </p>
   </div>
  </div>
 </body>
</html>
