<?xml version="1.0" encoding="UTF-8"?>
<!DOCTYPE html PUBLIC "-//W3C//DTD XHTML 1.0 Transitional//EN"
    "http://www.w3.org/TR/xhtml1/DTD/xhtml1-transitional.dtd">
<html xmlns="http://www.w3.org/1999/xhtml" xml:lang="en" lang="en">
 <head>
  <title>
</title>
<meta http-equiv="Content-Type" content="text/html;charset=utf-8" />
  <meta name='ocr-system' content='tesseract 3.04.00' />
  <meta name='ocr-capabilities' content='ocr_page ocr_carea ocr_par ocr_line ocrx_word'/>
</head>
<body>
  <div class='ocr_page' id='page_1' title='image "./patrologiaecurs144unkngoog_0253.png"; bbox 0 0 4059 6184; ppageno 0'>
   <div class='ocr_carea' id='block_1_1' title="bbox 218 226 1857 339">
    <p class='ocr_par' dir='ltr' id='par_1_1' title="bbox 218 226 1857 339">
     <span class='ocr_line' id='line_1_1' title="bbox 218 226 1857 339; baseline -0.002 -1"><span class='ocrx_word' id='word_1_1' title='bbox 218 278 270 339; x_wconf 87' lang='lat' dir='ltr'><strong>trs</strong></span> <span class='ocrx_word' id='word_1_2' title='bbox 769 276 805 332; x_wconf 90' lang='grc' dir='ltr'><strong>ιι.</strong></span> <span class='ocrx_word' id='word_1_3' title='bbox 827 271 1005 332; x_wconf 84' lang='lat' dir='ltr'><strong>aeternus</strong></span> <span class='ocrx_word' id='word_1_4' title='bbox 1025 271 1268 330; x_wconf 76' lang='lat' dir='ltr'><strong>emeramnus.</strong></span> <span class='ocrx_word' id='word_1_5' title='bbox 1703 226 1715 241; x_wconf 39' lang='lat'><strong>⁸</strong></span> <span class='ocrx_word' id='word_1_6' title='bbox 1800 273 1857 335; x_wconf 85' lang='lat' dir='ltr'><strong>trs</strong></span> 
     </span>
    </p>
   </div>
   <div class='ocr_carea' id='block_1_2' title="bbox 219 390 1859 1240">
    <p class='ocr_par' dir='ltr' id='par_1_2' title="bbox 219 390 1859 1240">
     <span class='ocr_line' id='line_1_2' title="bbox 219 390 1857 473; baseline -0.005 -15"><span class='ocrx_word' id='word_1_7' title='bbox 219 398 369 473; x_wconf 84' lang='lat' dir='ltr'><strong>cipulornm</strong></span> <span class='ocrx_word' id='word_1_8' title='bbox 383 395 540 454; x_wconf 86' lang='lat' dir='ltr'><strong>cruditionis</strong></span> <span class='ocrx_word' id='word_1_9' title='bbox 553 390 685 449; x_wconf 86' lang='lat' dir='ltr'><strong>indicibus</strong></span> <span class='ocrx_word' id='word_1_10' title='bbox 695 391 785 447; x_wconf 84' lang='lat' dir='ltr'><strong>verbis</strong></span> <span class='ocrx_word' id='word_1_11' title='bbox 797 409 804 444; x_wconf 78' lang='grc' dir='ltr'><strong>ι</strong></span> <span class='ocrx_word' id='word_1_12' title='bbox 815 390 1011 462; x_wconf 84' lang='lat' dir='ltr'><strong>Undesupplico</strong></span> <span class='ocrx_word' id='word_1_13' title='bbox 1026 392 1051 453; x_wconf 78' lang='grc' dir='ltr'>Α</span> <span class='ocrx_word' id='word_1_14' title='bbox 1064 399 1094 445; x_wconf 90' lang='grc' dir='ltr'><strong>ιιι</strong></span> <span class='ocrx_word' id='word_1_15' title='bbox 1106 405 1154 447; x_wconf 92' lang='lat' dir='ltr'><strong>eos</strong></span> <span class='ocrx_word' id='word_1_16' title='bbox 1168 396 1196 447; x_wconf 90' lang='lat' dir='ltr'><strong>et</strong></span> <span class='ocrx_word' id='word_1_17' title='bbox 1210 398 1275 445; x_wconf 90' lang='lat' dir='ltr'><strong>tune</strong></span> <span class='ocrx_word' id='word_1_18' title='bbox 1299 397 1496 447; x_wconf 65' lang='lat' dir='ltr'><strong>coaetaneorum</strong></span> <span class='ocrx_word' id='word_1_19' title='bbox 1510 390 1670 463; x_wconf 79' lang='lat' dir='ltr'><strong>applausus,</strong></span> <span class='ocrx_word' id='word_1_20' title='bbox 1694 400 1723 448; x_wconf 93' lang='lat' dir='ltr'><strong>et</strong></span> <span class='ocrx_word' id='word_1_21' title='bbox 1735 394 1857 449; x_wconf 80' lang='lat' dir='ltr'><strong>venturis</strong></span> 
     </span>
     <span class='ocr_line' id='line_1_3' title="bbox 219 459 1858 543; baseline -0.004 -17"><span class='ocrx_word' id='word_1_22' title='bbox 219 481 247 526; x_wconf 85' lang='lat' dir='ltr'><strong>at</strong></span> <span class='ocrx_word' id='word_1_23' title='bbox 261 471 328 543; x_wconf 83' lang='lat' dir='ltr'><strong>quad</strong></span> <span class='ocrx_word' id='word_1_24' title='bbox 342 487 390 525; x_wconf 91' lang='lat' dir='ltr'><strong>uos</strong></span> <span class='ocrx_word' id='word_1_25' title='bbox 401 466 508 539; x_wconf 81' lang='lat' dir='ltr'><strong>tepentia</strong></span> <span class='ocrx_word' id='word_1_26' title='bbox 519 480 622 534; x_wconf 84' lang='lat' dir='ltr'><strong>pamm,</strong></span> <span class='ocrx_word' id='word_1_27' title='bbox 633 463 764 533; x_wconf 81' lang='lat' dir='ltr'><strong>replicare</strong></span> <span class='ocrx_word' id='word_1_28' title='bbox 776 463 862 516; x_wconf 89' lang='lat' dir='ltr'><strong>miuus</strong></span> <span class='ocrx_word' id='word_1_29' title='bbox 870 465 1010 533; x_wconf 80' lang='lat' dir='ltr'><strong>poterimus,</strong></span> <span class='ocrx_word' id='word_1_30' title='bbox 1064 462 1231 532; x_wconf 77' lang='lat' dir='ltr'>temporibus</span> <span class='ocrx_word' id='word_1_31' title='bbox 1243 459 1333 515; x_wconf 75' lang='lat' dir='ltr'><strong>latitia</strong></span> <span class='ocrx_word' id='word_1_32' title='bbox 1348 471 1529 530; x_wconf 78' lang='lat' dir='ltr'><strong>posterorum,</strong></span> <span class='ocrx_word' id='word_1_33' title='bbox 1543 471 1572 517; x_wconf 89' lang='lat' dir='ltr'><strong>et</strong></span> <span class='ocrx_word' id='word_1_34' title='bbox 1584 478 1691 534; x_wconf 88' lang='lat' dir='ltr'><strong>semper</strong></span> <span class='ocrx_word' id='word_1_35' title='bbox 1701 463 1858 533; x_wconf 77' lang='lat' dir='ltr'><strong>reipublice</strong></span> 
     </span>
     <span class='ocr_line' id='line_1_4' title="bbox 219 530 1620 612; baseline -0.009 -15"><span class='ocrx_word' id='word_1_36' title='bbox 219 558 264 597; x_wconf 85' lang='lat' dir='ltr'><strong>aas</strong></span> <span class='ocrx_word' id='word_1_37' title='bbox 278 542 383 612; x_wconf 85' lang='lat' dir='ltr'><strong>copiosa</strong></span> <span class='ocrx_word' id='word_1_38' title='bbox 405 538 513 590; x_wconf 89' lang='lat' dir='ltr'><strong>lectione</strong></span> <span class='ocrx_word' id='word_1_39' title='bbox 526 536 651 603; x_wconf 82' lang='lat' dir='ltr'><strong>supinati,</strong></span> <span class='ocrx_word' id='word_1_40' title='bbox 674 542 727 586; x_wconf 89' lang='lat' dir='ltr'><strong>tem</strong></span> <span class='ocrx_word' id='word_1_41' title='bbox 750 532 782 585; x_wconf 90' lang='lat' dir='ltr'><strong>de</strong></span> <span class='ocrx_word' id='word_1_42' title='bbox 805 532 863 586; x_wconf 89' lang='lat' dir='ltr'><strong>istis</strong></span> <span class='ocrx_word' id='word_1_43' title='bbox 882 531 1012 587; x_wconf 88' lang='lat' dir='ltr'><strong>codicibus</strong></span> <span class='ocrx_word' id='word_1_44' title='bbox 1063 530 1223 586; x_wconf 78' lang='lat' dir='ltr'><strong>Christiane</strong></span> <span class='ocrx_word' id='word_1_45' title='bbox 1236 532 1424 600; x_wconf 82' lang='lat' dir='ltr'><strong>compendium</strong></span> <span class='ocrx_word' id='word_1_46' title='bbox 1437 535 1620 587; x_wconf 69' lang='lat' dir='ltr'><strong>comitaretur.</strong></span> 
     </span>
     <span class='ocr_line' id='line_1_5' title="bbox 219 598 1858 682; baseline -0.005 -16"><span class='ocrx_word' id='word_1_47' title='bbox 219 629 283 682; x_wconf 86' lang='lat' dir='ltr'><strong>quos</strong></span> <span class='ocrx_word' id='word_1_48' title='bbox 294 609 484 680; x_wconf 82' lang='lat' dir='ltr'><strong>dereliquimus,</strong></span> <span class='ocrx_word' id='word_1_49' title='bbox 499 620 576 676; x_wconf 87' lang='lat' dir='ltr'><strong>quem</strong></span> <span class='ocrx_word' id='word_1_50' title='bbox 589 620 652 675; x_wconf 79' lang='lat' dir='ltr'><strong>qrtos</strong></span> <span class='ocrx_word' id='word_1_51' title='bbox 668 603 803 674; x_wconf 84' lang='lat' dir='ltr'><strong>potueritis</strong></span> <span class='ocrx_word' id='word_1_52' title='bbox 818 603 927 673; x_wconf 74' lang='lat' dir='ltr'><strong>feliciter</strong></span> <span class='ocrx_word' id='word_1_53' title='bbox 941 604 1013 656; x_wconf 87' lang='lat' dir='ltr'><strong>inae·</strong></span> <span class='ocrx_word' id='word_1_54' title='bbox 1100 601 1114 673; x_wconf 67' lang='lat'>5</span> <span class='ocrx_word' id='word_1_55' title='bbox 1134 598 1243 654; x_wconf 88' lang='lat' dir='ltr'><strong>XXXll.</strong></span> <span class='ocrx_word' id='word_1_56' title='bbox 1258 601 1329 656; x_wconf 84' lang='lat' dir='ltr'><strong>Alios</strong></span> <span class='ocrx_word' id='word_1_57' title='bbox 1352 601 1530 656; x_wconf 76' lang='lat' dir='ltr'><strong>exscribendis</strong></span> <span class='ocrx_word' id='word_1_58' title='bbox 1544 601 1655 655; x_wconf 86' lang='lat' dir='ltr'><strong>Petrum</strong></span> <span class='ocrx_word' id='word_1_59' title='bbox 1674 604 1794 672; x_wconf 89' lang='lat' dir='ltr'><strong>operibus</strong></span> <span class='ocrx_word' id='word_1_60' title='bbox 1807 619 1858 658; x_wconf 81' lang='lat' dir='ltr'><strong>ett-</strong></span> 
     </span>
     <span class='ocr_line' id='line_1_6' title="bbox 219 669 1857 751; baseline -0.003 -18"><span class='ocrx_word' id='word_1_61' title='bbox 219 683 286 744; x_wconf 90' lang='lat' dir='ltr'><strong>nire,</strong></span> <span class='ocrx_word' id='word_1_62' title='bbox 298 679 435 751; x_wconf 73' lang='lat' dir='ltr'><strong>perfectius</strong></span> <span class='ocrx_word' id='word_1_63' title='bbox 446 676 473 729; x_wconf 90' lang='lat' dir='ltr'><strong>in</strong></span> <span class='ocrx_word' id='word_1_64' title='bbox 485 673 579 729; x_wconf 86' lang='lat' dir='ltr'><strong>Cleristi</strong></span> <span class='ocrx_word' id='word_1_65' title='bbox 595 674 698 728; x_wconf 88' lang='lat' dir='ltr'><strong>nemine</strong></span> <span class='ocrx_word' id='word_1_66' title='bbox 708 672 857 742; x_wconf 87' lang='lat' dir='ltr'><strong>complentis</strong></span> <span class='ocrx_word' id='word_1_67' title='bbox 869 671 939 741; x_wconf 81' lang='lat' dir='ltr'><strong>(tit.</strong></span> <span class='ocrx_word' id='word_1_68' title='bbox 952 672 1011 726; x_wconf 82' lang='lat' dir='ltr'><strong>Diu.</strong></span> <span class='ocrx_word' id='word_1_69' title='bbox 1063 687 1123 726; x_wconf 88' lang='lat' dir='ltr'><strong>cere</strong></span> <span class='ocrx_word' id='word_1_70' title='bbox 1136 672 1263 742; x_wconf 79' lang='lat' dir='ltr'><strong>precipit.</strong></span> <span class='ocrx_word' id='word_1_71' title='bbox 1275 670 1304 725; x_wconf 90' lang='lat' dir='ltr'><strong>ln</strong></span> <span class='ocrx_word' id='word_1_72' title='bbox 1320 670 1504 725; x_wconf 78' lang='lat' dir='ltr'><strong>exscribendis</strong></span> <span class='ocrx_word' id='word_1_73' title='bbox 1517 672 1597 727; x_wconf 86' lang='lat' dir='ltr'><strong>etiarn</strong></span> <span class='ocrx_word' id='word_1_74' title='bbox 1609 669 1717 726; x_wconf 83' lang='lat' dir='ltr'><strong>Petrum</strong></span> <span class='ocrx_word' id='word_1_75' title='bbox 1728 673 1857 741; x_wconf 79' lang='lat' dir='ltr'><strong>operibus</strong></span> 
     </span>
     <span class='ocr_line' id='line_1_7' title="bbox 220 741 1856 821; baseline -0.004 -17"><span class='ocrx_word' id='word_1_76' title='bbox 220 748 284 804; x_wconf 65' lang='grc' dir='ltr'>[ιιι.</span> <span class='ocrx_word' id='word_1_77' title='bbox 300 766 359 821; x_wconf 87' lang='lat' dir='ltr'><strong>cap.</strong></span> <span class='ocrx_word' id='word_1_78' title='bbox 375 746 430 815; x_wconf 77' lang='lat' dir='ltr'><strong>lb).</strong></span> <span class='ocrx_word' id='word_1_79' title='bbox 447 746 573 800; x_wconf 74' lang='lat' dir='ltr'><strong>Attamen</strong></span> <span class='ocrx_word' id='word_1_80' title='bbox 591 744 693 799; x_wconf 82' lang='lat' dir='ltr'><strong>reritns</strong></span> <span class='ocrx_word' id='word_1_81' title='bbox 707 757 741 797; x_wconf 90' lang='lat' dir='ltr'><strong>ne</strong></span> <span class='ocrx_word' id='word_1_82' title='bbox 755 743 865 812; x_wconf 85' lang='lat' dir='ltr'><strong>spiritus</strong></span> <span class='ocrx_word' id='word_1_83' title='bbox 880 742 933 796; x_wconf 92' lang='lat' dir='ltr'><strong>iliis</strong></span> <span class='ocrx_word' id='word_1_84' title='bbox 958 741 1014 796; x_wconf 93' lang='lat' dir='ltr'><strong>ior·</strong></span> <span class='ocrx_word' id='word_1_85' title='bbox 1065 750 1137 798; x_wconf 89' lang='lat' dir='ltr'><strong>totos</strong></span> <span class='ocrx_word' id='word_1_86' title='bbox 1150 756 1211 796; x_wconf 89' lang='lat' dir='ltr'><strong>esse</strong></span> <span class='ocrx_word' id='word_1_87' title='bbox 1225 742 1309 795; x_wconf 85' lang='lat' dir='ltr'><strong>voluit</strong></span> <span class='ocrx_word' id='word_1_88' title='bbox 1320 742 1464 796; x_wconf 90' lang='lat' dir='ltr'><strong>nonnullos</strong></span> <span class='ocrx_word' id='word_1_89' title='bbox 1487 741 1653 806; x_wconf 80' lang='lat' dir='ltr'><strong>raninchus,</strong></span> <span class='ocrx_word' id='word_1_90' title='bbox 1668 741 1765 809; x_wconf 88' lang='lat' dir='ltr'><strong>quibus</strong></span> <span class='ocrx_word' id='word_1_91' title='bbox 1782 743 1856 797; x_wconf 74' lang='lat' dir='ltr'><strong>maur</strong></span> 
     </span>
     <span class='ocr_line' id='line_1_8' title="bbox 220 809 1855 882; baseline -0.006 -7"><span class='ocrx_word' id='word_1_92' title='bbox 220 822 289 875; x_wconf 84' lang='lat' dir='ltr'><strong>sitan</strong></span> <span class='ocrx_word' id='word_1_93' title='bbox 319 819 476 873; x_wconf 84' lang='lat' dir='ltr'><strong>immitteret</strong></span> <span class='ocrx_word' id='word_1_94' title='bbox 509 815 620 870; x_wconf 89' lang='lat' dir='ltr'><strong>altiores</strong></span> <span class='ocrx_word' id='word_1_95' title='bbox 644 821 720 866; x_wconf 89' lang='lat' dir='ltr'><strong>tanta</strong></span> <span class='ocrx_word' id='word_1_96' title='bbox 742 828 833 867; x_wconf 88' lang='lat' dir='ltr'><strong>rerum</strong></span> <span class='ocrx_word' id='word_1_97' title='bbox 860 811 1012 867; x_wconf 77' lang='lat' dir='ltr'><strong>divinarum</strong></span> <span class='ocrx_word' id='word_1_98' title='bbox 1062 827 1116 882; x_wconf 90' lang='lat' dir='ltr'><strong>qua</strong></span> <span class='ocrx_word' id='word_1_99' title='bbox 1131 809 1234 866; x_wconf 78' lang='lat' dir='ltr'><strong>faustus</strong></span> <span class='ocrx_word' id='word_1_100' title='bbox 1247 810 1281 863; x_wconf 93' lang='lat' dir='ltr'><strong>ad</strong></span> <span class='ocrx_word' id='word_1_101' title='bbox 1292 810 1433 865; x_wconf 84' lang='lat' dir='ltr'><strong>exitusres</strong></span> <span class='ocrx_word' id='word_1_102' title='bbox 1446 812 1520 866; x_wconf 85' lang='lat' dir='ltr'><strong>brevi</strong></span> <span class='ocrx_word' id='word_1_103' title='bbox 1534 812 1855 882; x_wconf 83' lang='lat' dir='ltr'><strong>perveniretindigitarit.</strong></span> 
     </span>
     <span class='ocr_line' id='line_1_9' title="bbox 220 880 1857 961; baseline -0.005 -15"><span class='ocrx_word' id='word_1_104' title='bbox 220 890 369 961; x_wconf 81' lang='lat' dir='ltr'><strong>perceptio,</strong></span> <span class='ocrx_word' id='word_1_105' title='bbox 384 889 464 942; x_wconf 89' lang='lat' dir='ltr'><strong>docet</strong></span> <span class='ocrx_word' id='word_1_106' title='bbox 476 899 535 955; x_wconf 83' lang='lat' dir='ltr'><strong>quae</strong></span> <span class='ocrx_word' id='word_1_107' title='bbox 548 882 741 938; x_wconf 86' lang='lat' dir='ltr'><strong>absconduntur</strong></span> <span class='ocrx_word' id='word_1_108' title='bbox 753 880 888 952; x_wconf 86' lang='lat' dir='ltr'><strong>superbis,</strong></span> <span class='ocrx_word' id='word_1_109' title='bbox 907 899 939 936; x_wconf 89' lang='lat' dir='ltr'><strong>ee</strong></span> <span class='ocrx_word' id='word_1_110' title='bbox 951 899 1013 952; x_wconf 88' lang='lat' dir='ltr'><strong>por·</strong></span> <span class='ocrx_word' id='word_1_111' title='bbox 1064 886 1209 938; x_wconf 82' lang='lat' dir='ltr'><strong>Sermones</strong></span> <span class='ocrx_word' id='word_1_112' title='bbox 1232 889 1261 934; x_wconf 91' lang='lat' dir='ltr'><strong>et</strong></span> <span class='ocrx_word' id='word_1_113' title='bbox 1279 880 1403 935; x_wconf 85' lang='lat' dir='ltr'><strong>homilias</strong></span> <span class='ocrx_word' id='word_1_114' title='bbox 1427 890 1582 937; x_wconf 84' lang='lat' dir='ltr'><strong>sanctorum</strong></span> <span class='ocrx_word' id='word_1_115' title='bbox 1603 882 1740 936; x_wconf 90' lang='lat' dir='ltr'><strong>attentiori</strong></span> <span class='ocrx_word' id='word_1_116' title='bbox 1764 882 1857 938; x_wconf 88' lang='lat' dir='ltr'><strong>studio</strong></span> 
     </span>
     <span class='ocr_line' id='line_1_10' title="bbox 221 951 1856 1024; baseline -0.006 -9"><span class='ocrx_word' id='word_1_117' title='bbox 221 962 286 1014; x_wconf 89' lang='lat' dir='ltr'><strong>aulis</strong></span> <span class='ocrx_word' id='word_1_118' title='bbox 310 954 429 1013; x_wconf 79' lang='lat' dir='ltr'><strong>revelari.</strong></span> <span class='ocrx_word' id='word_1_119' title='bbox 446 954 503 1009; x_wconf 88' lang='lat' dir='ltr'><strong>Nee</strong></span> <span class='ocrx_word' id='word_1_120' title='bbox 523 955 551 1009; x_wconf 91' lang='lat' dir='ltr'><strong>iu</strong></span> <span class='ocrx_word' id='word_1_121' title='bbox 564 954 626 1008; x_wconf 89' lang='lat' dir='ltr'><strong>salis</strong></span> <span class='ocrx_word' id='word_1_122' title='bbox 642 954 733 1007; x_wconf 90' lang='lat' dir='ltr'><strong>litteris</strong></span> <span class='ocrx_word' id='word_1_123' title='bbox 751 952 863 1021; x_wconf 86' lang='lat' dir='ltr'><strong>positam</strong></span> <span class='ocrx_word' id='word_1_124' title='bbox 875 968 930 1005; x_wconf 88' lang='lat' dir='ltr'><strong>csse</strong></span> <span class='ocrx_word' id='word_1_125' title='bbox 947 968 1012 1021; x_wconf 88' lang='lat' dir='ltr'><strong>pru-</strong></span> <span class='ocrx_word' id='word_1_126' title='bbox 1065 952 1185 1024; x_wconf 78' lang='lat' dir='ltr'><strong>praecipit</strong></span> <span class='ocrx_word' id='word_1_127' title='bbox 1199 951 1310 1021; x_wconf 79' lang='lat' dir='ltr'><strong>perlegi,</strong></span> <span class='ocrx_word' id='word_1_128' title='bbox 1322 967 1375 1005; x_wconf 91' lang='lat' dir='ltr'><strong>non</strong></span> <span class='ocrx_word' id='word_1_129' title='bbox 1390 966 1467 1005; x_wconf 88' lang='lat' dir='ltr'><strong>secus</strong></span> <span class='ocrx_word' id='word_1_130' title='bbox 1481 967 1514 1006; x_wconf 91' lang='lat' dir='ltr'><strong>ae</strong></span> <span class='ocrx_word' id='word_1_131' title='bbox 1532 960 1625 1006; x_wconf 85' lang='lat' dir='ltr'><strong>contra</strong></span> <span class='ocrx_word' id='word_1_132' title='bbox 1642 952 1783 1007; x_wconf 79' lang='lat' dir='ltr'><strong>bccreticos</strong></span> <span class='ocrx_word' id='word_1_133' title='bbox 1797 952 1856 1006; x_wconf 89' lang='lat' dir='ltr'><strong>dis·</strong></span> 
     </span>
     <span class='ocr_line' id='line_1_11' title="bbox 222 1020 1858 1097; baseline -0.005 -13"><span class='ocrx_word' id='word_1_134' title='bbox 222 1030 345 1093; x_wconf 88' lang='lat' dir='ltr'><strong>dentium,</strong></span> <span class='ocrx_word' id='word_1_135' title='bbox 362 1028 407 1082; x_wconf 90' lang='lat' dir='ltr'><strong>sed</strong></span> <span class='ocrx_word' id='word_1_136' title='bbox 420 1027 560 1097; x_wconf 74' lang='lat' dir='ltr'><strong>perlectam</strong></span> <span class='ocrx_word' id='word_1_137' title='bbox 580 1040 609 1077; x_wconf 90' lang='lat' dir='ltr'><strong>sa</strong></span> <span class='ocrx_word' id='word_1_138' title='bbox 630 1025 732 1077; x_wconf 85' lang='lat' dir='ltr'><strong>‘entium</strong></span> <span class='ocrx_word' id='word_1_139' title='bbox 743 1021 807 1075; x_wconf 87' lang='lat' dir='ltr'><strong>dare</strong></span> <span class='ocrx_word' id='word_1_140' title='bbox 819 1020 903 1075; x_wconf 85' lang='lat' dir='ltr'><strong>Deam</strong></span> <span class='ocrx_word' id='word_1_141' title='bbox 913 1022 1014 1077; x_wconf 90' lang='lat' dir='ltr'><strong>unicui·</strong></span> <span class='ocrx_word' id='word_1_142' title='bbox 1064 1022 1235 1084; x_wconf 80' lang='lat' dir='ltr'><strong>certationes,</strong></span> <span class='ocrx_word' id='word_1_143' title='bbox 1252 1021 1277 1075; x_wconf 91' lang='lat' dir='ltr'><strong>in</strong></span> <span class='ocrx_word' id='word_1_144' title='bbox 1293 1021 1390 1089; x_wconf 89' lang='lat' dir='ltr'><strong>quibus</strong></span> <span class='ocrx_word' id='word_1_145' title='bbox 1403 1021 1499 1091; x_wconf 89' lang='lat' dir='ltr'><strong>siquid</strong></span> <span class='ocrx_word' id='word_1_146' title='bbox 1513 1021 1548 1076; x_wconf 90' lang='lat' dir='ltr'><strong>ad</strong></span> <span class='ocrx_word' id='word_1_147' title='bbox 1563 1021 1720 1076; x_wconf 86' lang='lat' dir='ltr'><strong>elucidanda</strong></span> <span class='ocrx_word' id='word_1_148' title='bbox 1739 1023 1858 1077; x_wconf 84' lang='lat' dir='ltr'><strong>obscura</strong></span> 
     </span>
     <span class='ocr_line' id='line_1_12' title="bbox 220 1090 1859 1171; baseline -0.005 -18"><span class='ocrx_word' id='word_1_149' title='bbox 220 1116 269 1171; x_wconf 86' lang='lat' dir='ltr'><strong>qne</strong></span> <span class='ocrx_word' id='word_1_150' title='bbox 279 1107 355 1171; x_wconf 87' lang='lat' dir='ltr'><strong>prout</strong></span> <span class='ocrx_word' id='word_1_151' title='bbox 369 1097 421 1154; x_wconf 86' lang='lat' dir='ltr'><strong>nrrlt</strong></span> <span class='ocrx_word' id='word_1_152' title='bbox 436 1095 511 1163; x_wconf 81' lang='lat' dir='ltr'><strong>(Litt.</strong></span> <span class='ocrx_word' id='word_1_153' title='bbox 528 1094 586 1149; x_wconf 81' lang='lat' dir='ltr'><strong>ilie.</strong></span> <span class='ocrx_word' id='word_1_154' title='bbox 621 1095 675 1155; x_wconf 78' lang='lat' dir='ltr'><strong>ite,</strong></span> <span class='ocrx_word' id='word_1_155' title='bbox 690 1109 721 1146; x_wconf 90' lang='lat' dir='ltr'><strong>ce</strong></span> <span class='ocrx_word' id='word_1_156' title='bbox 741 1132 748 1145; x_wconf 90' lang='lat'><strong>.</strong></span> <span class='ocrx_word' id='word_1_157' title='bbox 763 1090 820 1155; x_wconf 66' lang='lat'><strong>28).</strong></span> <span class='ocrx_word' id='word_1_158' title='bbox 1064 1092 1160 1148; x_wconf 85' lang='lat' dir='ltr'><strong>dirime</strong></span> <span class='ocrx_word' id='word_1_159' title='bbox 1175 1091 1318 1159; x_wconf 79' lang='lat' dir='ltr'><strong>scriptore</strong></span> <span class='ocrx_word' id='word_1_160' title='bbox 1332 1091 1392 1145; x_wconf 89' lang='lat' dir='ltr'><strong>loca</strong></span> <span class='ocrx_word' id='word_1_161' title='bbox 1408 1105 1555 1159; x_wconf 85' lang='lat' dir='ltr'><strong>cortgrunm</strong></span> <span class='ocrx_word' id='word_1_162' title='bbox 1566 1093 1859 1160; x_wconf 80' lang='lat' dir='ltr'><strong>acetrrreret,rogabat</strong></span> 
     </span>
     <span class='ocr_line' id='line_1_13' title="bbox 258 1110 1859 1240; baseline -0.005 -18"><span class='ocrx_word' id='word_1_163' title='bbox 258 1170 272 1240; x_wconf 59' lang='grc' dir='ltr'>ᾗ</span> <span class='ocrx_word' id='word_1_164' title='bbox 292 1166 376 1222; x_wconf 87' lang='lat' dir='ltr'><strong>XXX.</strong></span> <span class='ocrx_word' id='word_1_165' title='bbox 390 1164 521 1231; x_wconf 78' lang='lat' dir='ltr'><strong>Quaestum</strong></span> <span class='ocrx_word' id='word_1_166' title='bbox 531 1163 701 1218; x_wconf 87' lang='lat' dir='ltr'><strong>Cassiodorus</strong></span> <span class='ocrx_word' id='word_1_167' title='bbox 719 1110 912 1215; x_wconf 48' lang='lat' dir='ltr'><strong>vinariersibus</strong></span> <span class='ocrx_word' id='word_1_168' title='bbox 926 1171 951 1215; x_wconf 90' lang='lat' dir='ltr'><strong>et</strong></span> <span class='ocrx_word' id='word_1_169' title='bbox 965 1163 1013 1217; x_wconf 88' lang='lat' dir='ltr'><strong>toti</strong></span> <span class='ocrx_word' id='word_1_170' title='bbox 1065 1170 1095 1217; x_wconf 90' lang='lat' dir='ltr'><strong>ut</strong></span> <span class='ocrx_word' id='word_1_171' title='bbox 1108 1162 1192 1216; x_wconf 87' lang='lat' dir='ltr'><strong>sacris</strong></span> <span class='ocrx_word' id='word_1_172' title='bbox 1206 1161 1387 1215; x_wconf 79' lang='lat' dir='ltr'><strong>voluminibus</strong></span> <span class='ocrx_word' id='word_1_173' title='bbox 1400 1168 1521 1215; x_wconf 85' lang='lat' dir='ltr'><strong>atterere</strong></span> <span class='ocrx_word' id='word_1_174' title='bbox 1532 1159 1766 1215; x_wconf 84' lang='lat' dir='ltr'><strong>trondebitareut:</strong></span> <span class='ocrx_word' id='word_1_175' title='bbox 1782 1161 1859 1216; x_wconf 86' lang='lat' dir='ltr'><strong>Sicut</strong></span> 
     </span>
    </p>
   </div>
   <div class='ocr_carea' id='block_1_3' title="bbox 221 1230 1858 1308">
    <p class='ocr_par' dir='ltr' id='par_1_3' title="bbox 221 1230 1858 1308">
     <span class='ocr_line' id='line_1_14' title="bbox 221 1230 1858 1308; baseline -0.005 -15"><span class='ocrx_word' id='word_1_176' title='bbox 221 1237 348 1294; x_wconf 78' lang='lat' dir='ltr'><strong>Ecclesiae</strong></span> <span class='ocrx_word' id='word_1_177' title='bbox 369 1235 506 1308; x_wconf 71' lang='lat' dir='ltr'><strong>profuerit.</strong></span> <span class='ocrx_word' id='word_1_178' title='bbox 523 1232 567 1289; x_wconf 90' lang='lat' dir='ltr'><strong>Sic</strong></span> <span class='ocrx_word' id='word_1_179' title='bbox 587 1239 701 1289; x_wconf 82' lang='lat' dir='ltr'><strong>noverat</strong></span> <span class='ocrx_word' id='word_1_180' title='bbox 714 1230 931 1287; x_wconf 89' lang='lat' dir='ltr'><strong>abbasdactrina</strong></span> <span class='ocrx_word' id='word_1_181' title='bbox 950 1247 1014 1286; x_wconf 89' lang='lat' dir='ltr'><strong>san·</strong></span> <span class='ocrx_word' id='word_1_182' title='bbox 1064 1242 1157 1295; x_wconf 85' lang='lat' dir='ltr'><strong>etuas,</strong></span> <span class='ocrx_word' id='word_1_183' title='bbox 1174 1232 1269 1299; x_wconf 90' lang='lat' dir='ltr'><strong>inquit,</strong></span> <span class='ocrx_word' id='word_1_184' title='bbox 1290 1231 1318 1284; x_wconf 88' lang='lat' dir='ltr'><strong>iu</strong></span> <span class='ocrx_word' id='word_1_185' title='bbox 1341 1230 1414 1284; x_wconf 87' lang='lat' dir='ltr'><strong>libris</strong></span> <span class='ocrx_word' id='word_1_186' title='bbox 1431 1230 1529 1302; x_wconf 73' lang='lat' dir='ltr'><strong>nepum</strong></span> <span class='ocrx_word' id='word_1_187' title='bbox 1553 1232 1644 1302; x_wconf 72' lang='lat' dir='ltr'><strong>[emese</strong></span> <span class='ocrx_word' id='word_1_188' title='bbox 1665 1233 1858 1301; x_wconf 82' lang='lat' dir='ltr'><strong>capnosrimur.</strong></span> 
     </span>
    </p>
   </div>
   <div class='ocr_carea' id='block_1_4' title="bbox 221 1294 1861 3615">
    <p class='ocr_par' dir='ltr' id='par_1_4' title="bbox 221 1294 1861 3615">
     <span class='ocr_line' id='line_1_15' title="bbox 222 1294 1860 1425; baseline -0.006 -61"><span class='ocrx_word' id='word_1_189' title='bbox 222 1309 369 1379; x_wconf 86' lang='lat' dir='ltr'><strong>etitateque</strong></span> <span class='ocrx_word' id='word_1_190' title='bbox 383 1322 439 1376; x_wconf 83' lang='lat' dir='ltr'><strong>prae</strong></span> <span class='ocrx_word' id='word_1_191' title='bbox 450 1304 555 1361; x_wconf 78' lang='lat' dir='ltr'><strong>ceteris</strong></span> <span class='ocrx_word' id='word_1_192' title='bbox 568 1300 683 1360; x_wconf 82' lang='lat' dir='ltr'><strong>csirrtius</strong></span> <span class='ocrx_word' id='word_1_193' title='bbox 693 1301 751 1373; x_wconf 88' lang='lat' dir='ltr'><strong>pari</strong></span> <span class='ocrx_word' id='word_1_194' title='bbox 764 1301 872 1370; x_wconf 86' lang='lat' dir='ltr'><strong>pietatis</strong></span> <span class='ocrx_word' id='word_1_195' title='bbox 886 1310 914 1356; x_wconf 90' lang='lat' dir='ltr'><strong>et</strong></span> <span class='ocrx_word' id='word_1_196' title='bbox 924 1301 1012 1356; x_wconf 90' lang='lat' dir='ltr'><strong>scien·</strong></span> <span class='ocrx_word' id='word_1_197' title='bbox 1065 1302 1165 1357; x_wconf 86' lang='lat' dir='ltr'><strong>Deinde</strong></span> <span class='ocrx_word' id='word_1_198' title='bbox 1177 1316 1258 1369; x_wconf 90' lang='lat' dir='ltr'><strong>quam</strong></span> <span class='ocrx_word' id='word_1_199' title='bbox 1274 1299 1437 1365; x_wconf 87' lang='lat' dir='ltr'><strong>iructuosns,</strong></span> <span class='ocrx_word' id='word_1_200' title='bbox 1452 1316 1535 1425; x_wconf 54' lang='lat' dir='ltr'><strong>gnam</strong></span> <span class='ocrx_word' id='word_1_201' title='bbox 1551 1294 1640 1367; x_wconf 74' lang='lat' dir='ltr'><strong>glorio</strong></span> <span class='ocrx_word' id='word_1_202' title='bbox 1654 1317 1686 1355; x_wconf 86' lang='lat' dir='ltr'><strong>trs</strong></span> <span class='ocrx_word' id='word_1_203' title='bbox 1704 1301 1809 1357; x_wconf 85' lang='lat' dir='ltr'><strong>iritrrrus</strong></span> <span class='ocrx_word' id='word_1_204' title='bbox 1822 1301 1860 1355; x_wconf 88' lang='lat' dir='ltr'><strong>sit</strong></span> 
     </span>
     <span class='ocr_line' id='line_1_16' title="bbox 221 1370 1855 1439; baseline -0.004 -7"><span class='ocrx_word' id='word_1_205' title='bbox 221 1379 265 1433; x_wconf 77' lang='lat' dir='ltr'><strong>tire</strong></span> <span class='ocrx_word' id='word_1_206' title='bbox 279 1378 429 1435; x_wconf 84' lang='lat' dir='ltr'><strong>coenubitas</strong></span> <span class='ocrx_word' id='word_1_207' title='bbox 452 1389 579 1432; x_wconf 86' lang='lat' dir='ltr'><strong>exercere</strong></span> <span class='ocrx_word' id='word_1_208' title='bbox 602 1373 718 1428; x_wconf 88' lang='lat' dir='ltr'><strong>cultura.</strong></span> <span class='ocrx_word' id='word_1_209' title='bbox 737 1370 784 1426; x_wconf 89' lang='lat' dir='ltr'><strong>Sic</strong></span> <span class='ocrx_word' id='word_1_210' title='bbox 805 1372 888 1426; x_wconf 87' lang='lat' dir='ltr'><strong>etiam</strong></span> <span class='ocrx_word' id='word_1_211' title='bbox 909 1371 1013 1426; x_wconf 86' lang='lat' dir='ltr'><strong>abbatis</strong></span> <span class='ocrx_word' id='word_1_212' title='bbox 1064 1387 1159 1427; x_wconf 88' lang='lat' dir='ltr'><strong>eorum</strong></span> <span class='ocrx_word' id='word_1_213' title='bbox 1182 1370 1359 1425; x_wconf 87' lang='lat' dir='ltr'><strong>laborrerbis</strong></span> <span class='ocrx_word' id='word_1_214' title='bbox 1373 1380 1449 1425; x_wconf 89' lang='lat' dir='ltr'><strong>osten</strong></span> <span class='ocrx_word' id='word_1_215' title='bbox 1471 1372 1491 1425; x_wconf 92' lang='lat' dir='ltr'><strong>it</strong></span> <span class='ocrx_word' id='word_1_216' title='bbox 1502 1371 1689 1439; x_wconf 79' lang='lat' dir='ltr'><strong>pulcherrimis</strong></span> <span class='ocrx_word' id='word_1_217' title='bbox 1703 1371 1774 1439; x_wconf 80' lang='lat' dir='ltr'><strong>(bib.</strong></span> <span class='ocrx_word' id='word_1_218' title='bbox 1793 1371 1855 1426; x_wconf 76' lang='lat' dir='ltr'><strong>iiia.</strong></span> 
     </span>
     <span class='ocr_line' id='line_1_17' title="bbox 222 1438 1858 1513; baseline -0.007 -8"><span class='ocrx_word' id='word_1_219' title='bbox 222 1449 264 1505; x_wconf 88' lang='lat' dir='ltr'><strong>sni</strong></span> <span class='ocrx_word' id='word_1_220' title='bbox 284 1449 355 1505; x_wconf 89' lang='lat' dir='ltr'><strong>curis</strong></span> <span class='ocrx_word' id='word_1_221' title='bbox 374 1447 467 1503; x_wconf 89' lang='lat' dir='ltr'><strong>labore</strong></span> <span class='ocrx_word' id='word_1_222' title='bbox 490 1460 540 1500; x_wconf 91' lang='lat' dir='ltr'><strong>sua</strong></span> <span class='ocrx_word' id='word_1_223' title='bbox 554 1442 754 1513; x_wconf 90' lang='lat' dir='ltr'><strong>respondebant</strong></span> <span class='ocrx_word' id='word_1_224' title='bbox 770 1440 952 1507; x_wconf 54' lang='lat' dir='ltr'><strong>vivariensem</strong></span> <span class='ocrx_word' id='word_1_225' title='bbox 975 1443 1014 1498; x_wconf 90' lang='lat' dir='ltr'><strong>sie</strong></span> <span class='ocrx_word' id='word_1_226' title='bbox 1065 1440 1141 1503; x_wconf 76' lang='lat' dir='ltr'><strong>Lite,</strong></span> <span class='ocrx_word' id='word_1_227' title='bbox 1153 1458 1212 1511; x_wconf 89' lang='lat' dir='ltr'><strong>cap.</strong></span> <span class='ocrx_word' id='word_1_228' title='bbox 1229 1439 1273 1510; x_wconf 78' lang='lat' dir='ltr'><strong>lb)</strong></span> <span class='ocrx_word' id='word_1_229' title='bbox 1291 1458 1297 1493; x_wconf 94' lang='lat'><strong>:</strong></span> <span class='ocrx_word' id='word_1_230' title='bbox 1313 1438 1482 1495; x_wconf 83' lang='lat' dir='ltr'><strong>Considerate</strong></span> <span class='ocrx_word' id='word_1_231' title='bbox 1495 1441 1575 1512; x_wconf 85' lang='lat' dir='ltr'><strong>ipitur</strong></span> <span class='ocrx_word' id='word_1_232' title='bbox 1589 1441 1674 1511; x_wconf 86' lang='lat' dir='ltr'><strong>qualis</strong></span> <span class='ocrx_word' id='word_1_233' title='bbox 1688 1441 1758 1497; x_wconf 79' lang='lat' dir='ltr'><strong>natus</strong></span> <span class='ocrx_word' id='word_1_234' title='bbox 1773 1457 1858 1495; x_wconf 89' lang='lat' dir='ltr'><strong>causa</strong></span> 
     </span>
     <span class='ocr_line' id='line_1_18' title="bbox 222 1510 1856 1587; baseline -0.004 -14"><span class='ocrx_word' id='word_1_235' title='bbox 222 1533 294 1573; x_wconf 74' lang='lat' dir='ltr'><strong>uerte</strong></span> <span class='ocrx_word' id='word_1_236' title='bbox 315 1518 417 1586; x_wconf 82' lang='lat' dir='ltr'><strong>gloriae,</strong></span> <span class='ocrx_word' id='word_1_237' title='bbox 436 1516 565 1587; x_wconf 90' lang='lat' dir='ltr'><strong>adquam</strong></span> <span class='ocrx_word' id='word_1_238' title='bbox 588 1529 636 1569; x_wconf 91' lang='lat' dir='ltr'><strong>sua</strong></span> <span class='ocrx_word' id='word_1_239' title='bbox 651 1527 699 1569; x_wconf 88' lang='lat' dir='ltr'><strong>eos</strong></span> <span class='ocrx_word' id='word_1_240' title='bbox 707 1512 764 1580; x_wconf 78' lang='lat' dir='ltr'><strong>iam</strong></span> <span class='ocrx_word' id='word_1_241' title='bbox 779 1519 874 1566; x_wconf 90' lang='lat' dir='ltr'><strong>natura</strong></span> <span class='ocrx_word' id='word_1_242' title='bbox 890 1511 1012 1578; x_wconf 82' lang='lat' dir='ltr'><strong>ferebat,</strong></span> <span class='ocrx_word' id='word_1_243' title='bbox 1064 1512 1202 1567; x_wconf 75' lang='lat' dir='ltr'><strong>renituisse</strong></span> <span class='ocrx_word' id='word_1_244' title='bbox 1212 1510 1257 1575; x_wconf 91' lang='lat' dir='ltr'><strong>sit,</strong></span> <span class='ocrx_word' id='word_1_245' title='bbox 1270 1510 1368 1564; x_wconf 87' lang='lat' dir='ltr'><strong>utilitas</strong></span> <span class='ocrx_word' id='word_1_246' title='bbox 1378 1510 1594 1574; x_wconf 75' lang='lat' dir='ltr'><strong>Christianorum,</strong></span> <span class='ocrx_word' id='word_1_247' title='bbox 1611 1511 1745 1566; x_wconf 83' lang='lat' dir='ltr'><strong>riresaures</strong></span> <span class='ocrx_word' id='word_1_248' title='bbox 1761 1510 1856 1566; x_wconf 79' lang='lat' dir='ltr'><strong>Eccle-</strong></span> 
     </span>
     <span class='ocr_line' id='line_1_19' title="bbox 221 1580 1860 1656; baseline -0.004 -13"><span class='ocrx_word' id='word_1_249' title='bbox 221 1589 293 1643; x_wconf 80' lang='lat' dir='ltr'><strong>uiam</strong></span> <span class='ocrx_word' id='word_1_250' title='bbox 307 1589 445 1643; x_wconf 82' lang='lat' dir='ltr'><strong>hortatore</strong></span> <span class='ocrx_word' id='word_1_251' title='bbox 459 1590 540 1656; x_wconf 87' lang='lat' dir='ltr'><strong>atque</strong></span> <span class='ocrx_word' id='word_1_252' title='bbox 554 1580 869 1654; x_wconf 89' lang='lat' dir='ltr'><strong>impulsoreCassioduro</strong></span> <span class='ocrx_word' id='word_1_253' title='bbox 881 1590 935 1635; x_wconf 88' lang='lat' dir='ltr'><strong>tant</strong></span> <span class='ocrx_word' id='word_1_254' title='bbox 947 1597 1013 1637; x_wconf 91' lang='lat' dir='ltr'><strong>eon·</strong></span> <span class='ocrx_word' id='word_1_255' title='bbox 1067 1583 1123 1647; x_wconf 80' lang='lat' dir='ltr'><strong>eice,</strong></span> <span class='ocrx_word' id='word_1_256' title='bbox 1138 1580 1224 1635; x_wconf 81' lang='lat' dir='ltr'><strong>lunen</strong></span> <span class='ocrx_word' id='word_1_257' title='bbox 1238 1582 1393 1634; x_wconf 89' lang='lat' dir='ltr'><strong>animarum.</strong></span> <span class='ocrx_word' id='word_1_258' title='bbox 1409 1580 1589 1647; x_wconf 78' lang='lat' dir='ltr'><strong>Quamobrem</strong></span> <span class='ocrx_word' id='word_1_259' title='bbox 1601 1590 1703 1645; x_wconf 88' lang='lat' dir='ltr'><strong>monet,</strong></span> <span class='ocrx_word' id='word_1_260' title='bbox 1714 1582 1739 1636; x_wconf 94' lang='lat' dir='ltr'><strong>in</strong></span> <span class='ocrx_word' id='word_1_261' title='bbox 1751 1583 1776 1637; x_wconf 90' lang='lat' dir='ltr'><strong>id</strong></span> <span class='ocrx_word' id='word_1_262' title='bbox 1790 1597 1860 1653; x_wconf 88' lang='lat' dir='ltr'><strong>ope·</strong></span> 
     </span>
     <span class='ocr_line' id='line_1_20' title="bbox 222 1650 1856 1724; baseline -0.005 -11"><span class='ocrx_word' id='word_1_263' title='bbox 222 1659 277 1714; x_wconf 90' lang='lat' dir='ltr'><strong>cito</strong></span> <span class='ocrx_word' id='word_1_264' title='bbox 288 1654 565 1724; x_wconf 89' lang='lat' dir='ltr'><strong>decurrebantgradu,</strong></span> <span class='ocrx_word' id='word_1_265' title='bbox 572 1654 634 1709; x_wconf 91' lang='lat' dir='ltr'><strong>utin</strong></span> <span class='ocrx_word' id='word_1_266' title='bbox 643 1653 674 1707; x_wconf 87' lang='lat' dir='ltr'><strong>iis</strong></span> <span class='ocrx_word' id='word_1_267' title='bbox 683 1652 715 1707; x_wconf 92' lang='lat' dir='ltr'><strong>ad</strong></span> <span class='ocrx_word' id='word_1_268' title='bbox 727 1650 955 1706; x_wconf 84' lang='lat' dir='ltr'><strong>immortalitatem</strong></span> <span class='ocrx_word' id='word_1_269' title='bbox 963 1666 1013 1706; x_wconf 91' lang='lat' dir='ltr'><strong>nu·</strong></span> <span class='ocrx_word' id='word_1_270' title='bbox 1065 1653 1102 1707; x_wconf 89' lang='lat' dir='ltr'><strong>ris</strong></span> <span class='ocrx_word' id='word_1_271' title='bbox 1112 1652 1246 1706; x_wconf 88' lang='lat' dir='ltr'><strong>curiosam</strong></span> <span class='ocrx_word' id='word_1_272' title='bbox 1269 1652 1394 1705; x_wconf 88' lang='lat' dir='ltr'><strong>studeant</strong></span> <span class='ocrx_word' id='word_1_273' title='bbox 1410 1651 1532 1706; x_wconf 83' lang='lat' dir='ltr'><strong>conferre</strong></span> <span class='ocrx_word' id='word_1_274' title='bbox 1546 1650 1735 1705; x_wconf 84' lang='lat' dir='ltr'><strong>sedulitatem:</strong></span> <span class='ocrx_word' id='word_1_275' title='bbox 1751 1668 1784 1705; x_wconf 87' lang='lat' dir='ltr'><strong>ue</strong></span> <span class='ocrx_word' id='word_1_276' title='bbox 1803 1669 1856 1724; x_wconf 88' lang='lat' dir='ltr'><strong>qua</strong></span> 
     </span>
     <span class='ocr_line' id='line_1_21' title="bbox 223 1721 1857 1793; baseline -0.004 -11"><span class='ocrx_word' id='word_1_277' title='bbox 223 1728 312 1792; x_wconf 87' lang='lat' dir='ltr'><strong>ntirris,</strong></span> <span class='ocrx_word' id='word_1_278' title='bbox 327 1728 360 1782; x_wconf 87' lang='lat' dir='ltr'><strong>ad</strong></span> <span class='ocrx_word' id='word_1_279' title='bbox 371 1726 506 1782; x_wconf 79' lang='lat' dir='ltr'><strong>felicitatis</strong></span> <span class='ocrx_word' id='word_1_280' title='bbox 519 1724 697 1779; x_wconf 81' lang='lat' dir='ltr'><strong>aeternitatem</strong></span> <span class='ocrx_word' id='word_1_281' title='bbox 707 1731 804 1777; x_wconf 91' lang='lat' dir='ltr'><strong>cuneta</strong></span> <span class='ocrx_word' id='word_1_282' title='bbox 814 1721 1010 1790; x_wconf 86' lang='lat' dir='ltr'><strong>conspirarent.</strong></span> <span class='ocrx_word' id='word_1_283' title='bbox 1066 1729 1198 1776; x_wconf 87' lang='lat' dir='ltr'><strong>rentaneet</strong></span> <span class='ocrx_word' id='word_1_284' title='bbox 1210 1721 1353 1775; x_wconf 74' lang='lat' dir='ltr'><strong>inveritate</strong></span> <span class='ocrx_word' id='word_1_285' title='bbox 1368 1721 1543 1784; x_wconf 83' lang='lat' dir='ltr'><strong>nundesitas,</strong></span> <span class='ocrx_word' id='word_1_286' title='bbox 1557 1722 1585 1775; x_wconf 89' lang='lat' dir='ltr'><strong>in</strong></span> <span class='ocrx_word' id='word_1_287' title='bbox 1608 1721 1721 1792; x_wconf 77' lang='lat' dir='ltr'><strong>puritate</strong></span> <span class='ocrx_word' id='word_1_288' title='bbox 1740 1721 1857 1793; x_wconf 74' lang='lat' dir='ltr'><strong>salsitas,</strong></span> 
     </span>
     <span class='ocr_line' id='line_1_22' title="bbox 223 1791 1583 1868; baseline -0.005 -17"><span class='ocrx_word' id='word_1_289' title='bbox 223 1795 316 1868; x_wconf 86' lang='lat' dir='ltr'><strong>Neque</strong></span> <span class='ocrx_word' id='word_1_290' title='bbox 330 1797 357 1852; x_wconf 92' lang='lat' dir='ltr'><strong>id</strong></span> <span class='ocrx_word' id='word_1_291' title='bbox 370 1797 467 1851; x_wconf 80' lang='lat' dir='ltr'><strong>mirram</strong></span> <span class='ocrx_word' id='word_1_292' title='bbox 480 1795 598 1865; x_wconf 88' lang='lat' dir='ltr'><strong>quidem.</strong></span> <span class='ocrx_word' id='word_1_293' title='bbox 611 1791 709 1863; x_wconf 85' lang='lat' dir='ltr'><strong>Ecquis</strong></span> <span class='ocrx_word' id='word_1_294' title='bbox 724 1793 795 1847; x_wconf 90' lang='lat' dir='ltr'><strong>enim</strong></span> <span class='ocrx_word' id='word_1_295' title='bbox 803 1792 970 1861; x_wconf 90' lang='lat' dir='ltr'><strong>potentiores</strong></span> <span class='ocrx_word' id='word_1_296' title='bbox 979 1791 1013 1845; x_wconf 92' lang='lat' dir='ltr'><strong>ad</strong></span> <span class='ocrx_word' id='word_1_297' title='bbox 1066 1793 1093 1846; x_wconf 89' lang='lat' dir='ltr'><strong>in</strong></span> <span class='ocrx_word' id='word_1_298' title='bbox 1103 1792 1251 1860; x_wconf 85' lang='lat' dir='ltr'><strong>intepritete</strong></span> <span class='ocrx_word' id='word_1_299' title='bbox 1261 1792 1413 1862; x_wconf 87' lang='lat' dir='ltr'><strong>peruersitas</strong></span> <span class='ocrx_word' id='word_1_300' title='bbox 1428 1792 1583 1845; x_wconf 86' lang='lat' dir='ltr'><strong>litterarum.</strong></span> 
     </span>
     <span class='ocr_line' id='line_1_23' title="bbox 223 1859 1859 1936; baseline -0.004 -14"><span class='ocrx_word' id='word_1_301' title='bbox 223 1866 403 1936; x_wconf 87' lang='lat' dir='ltr'><strong>iutegritatem</strong></span> <span class='ocrx_word' id='word_1_302' title='bbox 428 1879 535 1922; x_wconf 89' lang='lat' dir='ltr'><strong>murum</strong></span> <span class='ocrx_word' id='word_1_303' title='bbox 549 1874 577 1919; x_wconf 88' lang='lat' dir='ltr'><strong>et</strong></span> <span class='ocrx_word' id='word_1_304' title='bbox 589 1864 705 1933; x_wconf 89' lang='lat' dir='ltr'><strong>optimas</strong></span> <span class='ocrx_word' id='word_1_305' title='bbox 727 1871 799 1916; x_wconf 87' lang='lat' dir='ltr'><strong>artes</strong></span> <span class='ocrx_word' id='word_1_306' title='bbox 813 1860 1013 1917; x_wconf 75' lang='lat' dir='ltr'><strong>vivariensibus</strong></span> <span class='ocrx_word' id='word_1_307' title='bbox 1067 1868 1069 1873; x_wconf 82' lang='lat'>&#39;</span> <span class='ocrx_word' id='word_1_308' title='bbox 1103 1860 1255 1931; x_wconf 76' lang='lat' dir='ltr'><strong>§xxxttt</strong></span> <span class='ocrx_word' id='word_1_309' title='bbox 1268 1859 1416 1915; x_wconf 73' lang='lat' dir='ltr'><strong>cassiodori</strong></span> <span class='ocrx_word' id='word_1_310' title='bbox 1431 1878 1493 1915; x_wconf 89' lang='lat' dir='ltr'><strong>cure</strong></span> <span class='ocrx_word' id='word_1_311' title='bbox 1506 1863 1533 1916; x_wconf 91' lang='lat' dir='ltr'><strong>in</strong></span> <span class='ocrx_word' id='word_1_312' title='bbox 1554 1861 1627 1915; x_wconf 90' lang='lat' dir='ltr'><strong>libris</strong></span> <span class='ocrx_word' id='word_1_313' title='bbox 1641 1879 1703 1916; x_wconf 90' lang='lat' dir='ltr'><strong>mss.</strong></span> <span class='ocrx_word' id='word_1_314' title='bbox 1725 1861 1754 1916; x_wconf 89' lang='lat' dir='ltr'><strong>S.</strong></span> <span class='ocrx_word' id='word_1_315' title='bbox 1782 1862 1859 1917; x_wconf 86' lang='lat' dir='ltr'><strong>Scri-</strong></span> 
     </span>
     <span class='ocr_line' id='line_1_24' title="bbox 223 1930 1860 2007; baseline -0.003 -15"><span class='ocrx_word' id='word_1_316' title='bbox 223 1937 383 1992; x_wconf 86' lang='lat' dir='ltr'><strong>subdidisset</strong></span> <span class='ocrx_word' id='word_1_317' title='bbox 395 1936 528 1999; x_wconf 88' lang='lat' dir='ltr'><strong>stimulos,</strong></span> <span class='ocrx_word' id='word_1_318' title='bbox 539 1948 620 2005; x_wconf 90' lang='lat' dir='ltr'><strong>quam</strong></span> <span class='ocrx_word' id='word_1_319' title='bbox 633 1933 706 2002; x_wconf 81' lang='lat' dir='ltr'><strong>isqui</strong></span> <span class='ocrx_word' id='word_1_320' title='bbox 721 1932 955 2002; x_wconf 84' lang='lat' dir='ltr'><strong>irequerrterapud</strong></span> <span class='ocrx_word' id='word_1_321' title='bbox 966 1946 1013 1988; x_wconf 88' lang='lat' dir='ltr'><strong>eos</strong></span> <span class='ocrx_word' id='word_1_322' title='bbox 1066 1941 1149 2007; x_wconf 82' lang='lat' dir='ltr'><strong>ptura</strong></span> <span class='ocrx_word' id='word_1_323' title='bbox 1161 1931 1346 2002; x_wconf 83' lang='lat' dir='ltr'><strong>cooperiendis.</strong></span> <span class='ocrx_word' id='word_1_324' title='bbox 1357 1930 1413 1986; x_wconf 88' lang='lat' dir='ltr'><strong>linc</strong></span> <span class='ocrx_word' id='word_1_325' title='bbox 1424 1947 1505 1985; x_wconf 84' lang='lat' dir='ltr'><strong>enirm</strong></span> <span class='ocrx_word' id='word_1_326' title='bbox 1516 1940 1657 2000; x_wconf 86' lang='lat' dir='ltr'><strong>supererat</strong></span> <span class='ocrx_word' id='word_1_327' title='bbox 1668 1933 1860 1987; x_wconf 81' lang='lat' dir='ltr'><strong>nautattssimae</strong></span> 
     </span>
     <span class='ocr_line' id='line_1_25' title="bbox 223 1999 1859 2074; baseline -0.001 -16"><span class='ocrx_word' id='word_1_328' title='bbox 223 2006 438 2074; x_wconf 67' lang='lat' dir='ltr'><strong>sterelitatem</strong></span> <span class='ocrx_word' id='word_1_329' title='bbox 452 2006 536 2073; x_wconf 72' lang='lat' dir='ltr'><strong>gloria</strong></span> <span class='ocrx_word' id='word_1_330' title='bbox 551 2004 701 2057; x_wconf 84' lang='lat' dir='ltr'><strong>diuinarum</strong></span> <span class='ocrx_word' id='word_1_331' title='bbox 715 2001 913 2072; x_wconf 74' lang='lat' dir='ltr'><strong>seripturarum</strong></span> <span class='ocrx_word' id='word_1_332' title='bbox 934 2001 1013 2055; x_wconf 85' lang='lat' dir='ltr'><strong>intel·</strong></span> <span class='ocrx_word' id='word_1_333' title='bbox 1066 2002 1170 2057; x_wconf 88' lang='lat' dir='ltr'><strong>abbatis</strong></span> <span class='ocrx_word' id='word_1_334' title='bbox 1183 2002 1267 2055; x_wconf 88' lang='lat' dir='ltr'><strong>nostri</strong></span> <span class='ocrx_word' id='word_1_335' title='bbox 1282 1999 1469 2070; x_wconf 84' lang='lat' dir='ltr'><strong>prouidentiae,</strong></span> <span class='ocrx_word' id='word_1_336' title='bbox 1485 2010 1515 2054; x_wconf 95' lang='lat' dir='ltr'><strong>ut</strong></span> <span class='ocrx_word' id='word_1_337' title='bbox 1528 2000 1638 2055; x_wconf 89' lang='lat' dir='ltr'><strong>codices</strong></span> <span class='ocrx_word' id='word_1_338' title='bbox 1653 2018 1716 2057; x_wconf 87' lang='lat' dir='ltr'><strong>nrss.</strong></span> <span class='ocrx_word' id='word_1_339' title='bbox 1731 2004 1859 2071; x_wconf 90' lang='lat' dir='ltr'><strong>quadiu-</strong></span> 
     </span>
     <span class='ocr_line' id='line_1_26' title="bbox 224 2070 1860 2146; baseline -0.001 -16"><span class='ocrx_word' id='word_1_340' title='bbox 224 2076 340 2146; x_wconf 78' lang='lat' dir='ltr'><strong>ligenticc</strong></span> <span class='ocrx_word' id='word_1_341' title='bbox 353 2078 452 2132; x_wconf 78' lang='lat' dir='ltr'><strong>consite</strong></span> <span class='ocrx_word' id='word_1_342' title='bbox 466 2074 628 2145; x_wconf 82' lang='lat' dir='ltr'><strong>perurebat?</strong></span> <span class='ocrx_word' id='word_1_343' title='bbox 644 2072 701 2127; x_wconf 91' lang='lat' dir='ltr'><strong>lloc</strong></span> <span class='ocrx_word' id='word_1_344' title='bbox 720 2072 788 2127; x_wconf 89' lang='lat' dir='ltr'><strong>enim</strong></span> <span class='ocrx_word' id='word_1_345' title='bbox 807 2070 881 2125; x_wconf 89' lang='lat' dir='ltr'><strong>nabis</strong></span> <span class='ocrx_word' id='word_1_346' title='bbox 890 2082 929 2124; x_wconf 90' lang='lat' dir='ltr'><strong>est</strong></span> <span class='ocrx_word' id='word_1_347' title='bbox 942 2072 1015 2125; x_wconf 86' lang='lat' dir='ltr'><strong>selu·</strong></span> <span class='ocrx_word' id='word_1_348' title='bbox 1066 2073 1118 2126; x_wconf 92' lang='lat' dir='ltr'><strong>tius</strong></span> <span class='ocrx_word' id='word_1_349' title='bbox 1132 2080 1304 2126; x_wconf 81' lang='lat' dir='ltr'><strong>servarentur</strong></span> <span class='ocrx_word' id='word_1_350' title='bbox 1318 2070 1421 2133; x_wconf 86' lang='lat' dir='ltr'><strong>intacti,</strong></span> <span class='ocrx_word' id='word_1_351' title='bbox 1434 2070 1643 2139; x_wconf 79' lang='lat' dir='ltr'><strong>compingendae</strong></span> <span class='ocrx_word' id='word_1_352' title='bbox 1657 2080 1685 2126; x_wconf 91' lang='lat' dir='ltr'><strong>et</strong></span> <span class='ocrx_word' id='word_1_353' title='bbox 1694 2074 1860 2142; x_wconf 87' lang='lat' dir='ltr'><strong>cooperien-</strong></span> 
     </span>
     <span class='ocr_line' id='line_1_27' title="bbox 225 2140 1860 2218; baseline -0.001 -18"><span class='ocrx_word' id='word_1_354' title='bbox 225 2156 289 2213; x_wconf 89' lang='lat' dir='ltr'><strong>tare,</strong></span> <span class='ocrx_word' id='word_1_355' title='bbox 310 2147 463 2218; x_wconf 77' lang='lat' dir='ltr'><strong>proficuum,</strong></span> <span class='ocrx_word' id='word_1_356' title='bbox 483 2144 633 2216; x_wconf 77' lang='lat' dir='ltr'><strong>pluriorem,</strong></span> <span class='ocrx_word' id='word_1_357' title='bbox 656 2150 817 2214; x_wconf 81' lang='lat' dir='ltr'><strong>perpetuum,</strong></span> <span class='ocrx_word' id='word_1_358' title='bbox 846 2140 914 2211; x_wconf 89' lang='lat' dir='ltr'><strong>quod</strong></span> <span class='ocrx_word' id='word_1_359' title='bbox 940 2144 1014 2197; x_wconf 85' lang='lat' dir='ltr'><strong>natta</strong></span> <span class='ocrx_word' id='word_1_360' title='bbox 1064 2142 1113 2195; x_wconf 91' lang='lat' dir='ltr'><strong>dos</strong></span> <span class='ocrx_word' id='word_1_361' title='bbox 1128 2149 1342 2196; x_wconf 85' lang='lat' dir='ltr'><strong>curaretornam</strong></span> <span class='ocrx_word' id='word_1_362' title='bbox 1354 2155 1408 2208; x_wconf 92' lang='lat' dir='ltr'><strong>quu</strong></span> <span class='ocrx_word' id='word_1_363' title='bbox 1418 2150 1525 2210; x_wconf 85' lang='lat' dir='ltr'><strong>poterut</strong></span> <span class='ocrx_word' id='word_1_364' title='bbox 1540 2140 1766 2210; x_wconf 82' lang='lat' dir='ltr'><strong>coruptiorizllis</strong></span> <span class='ocrx_word' id='word_1_365' title='bbox 1776 2145 1860 2198; x_wconf 86' lang='lat' dir='ltr'><strong>etiarn</strong></span> 
     </span>
     <span class='ocr_line' id='line_1_28' title="bbox 223 2209 1861 2283; baseline -0.002 -13"><span class='ocrx_word' id='word_1_366' title='bbox 223 2233 305 2280; x_wconf 91' lang='lat' dir='ltr'><strong>mors,</strong></span> <span class='ocrx_word' id='word_1_367' title='bbox 325 2217 397 2270; x_wconf 90' lang='lat' dir='ltr'><strong>nulla</strong></span> <span class='ocrx_word' id='word_1_368' title='bbox 417 2215 566 2275; x_wconf 85' lang='lat' dir='ltr'><strong>mobilitas.</strong></span> <span class='ocrx_word' id='word_1_369' title='bbox 592 2215 664 2267; x_wconf 90' lang='lat' dir='ltr'><strong>ttulle</strong></span> <span class='ocrx_word' id='word_1_370' title='bbox 678 2212 757 2283; x_wconf 89' lang='lat' dir='ltr'><strong>possit</strong></span> <span class='ocrx_word' id='word_1_371' title='bbox 767 2227 888 2273; x_wconf 83' lang='lat' dir='ltr'><strong>separare</strong></span> <span class='ocrx_word' id='word_1_372' title='bbox 903 2209 1012 2277; x_wconf 65' lang='lat' dir='ltr'><strong>abbirim·</strong></span> <span class='ocrx_word' id='word_1_373' title='bbox 1065 2212 1211 2265; x_wconf 84' lang='lat' dir='ltr'><strong>addidimus</strong></span> <span class='ocrx_word' id='word_1_374' title='bbox 1227 2209 1341 2265; x_wconf 88' lang='lat' dir='ltr'><strong>inlibris</strong></span> <span class='ocrx_word' id='word_1_375' title='bbox 1356 2210 1532 2279; x_wconf 81' lang='lat' dir='ltr'><strong>cooperiendis</strong></span> <span class='ocrx_word' id='word_1_376' title='bbox 1542 2211 1630 2265; x_wconf 90' lang='lat' dir='ltr'><strong>doctas</strong></span> <span class='ocrx_word' id='word_1_377' title='bbox 1642 2212 1765 2281; x_wconf 83' lang='lat' dir='ltr'><strong>artipices,</strong></span> <span class='ocrx_word' id='word_1_378' title='bbox 1778 2224 1861 2267; x_wconf 84' lang='lat' dir='ltr'><strong>urse-</strong></span> 
     </span>
     <span class='ocr_line' id='line_1_29' title="bbox 222 2279 1860 2355; baseline -0.003 -14"><span class='ocrx_word' id='word_1_379' title='bbox 222 2286 269 2341; x_wconf 85' lang='lat' dir='ltr'><strong>scd</strong></span> <span class='ocrx_word' id='word_1_380' title='bbox 283 2286 330 2340; x_wconf 88' lang='lat' dir='ltr'><strong>illu</strong></span> <span class='ocrx_word' id='word_1_381' title='bbox 353 2288 480 2341; x_wconf 83' lang='lat' dir='ltr'><strong>securitate</strong></span> <span class='ocrx_word' id='word_1_382' title='bbox 503 2285 596 2355; x_wconf 82' lang='lat' dir='ltr'><strong>petrice</strong></span> <span class='ocrx_word' id='word_1_383' title='bbox 616 2299 673 2336; x_wconf 89' lang='lat' dir='ltr'><strong>cunt</strong></span> <span class='ocrx_word' id='word_1_384' title='bbox 695 2282 805 2336; x_wconf 84' lang='lat' dir='ltr'><strong>Domino</strong></span> <span class='ocrx_word' id='word_1_385' title='bbox 827 2282 903 2351; x_wconf 79' lang='lat' dir='ltr'><strong>saciet</strong></span> <span class='ocrx_word' id='word_1_386' title='bbox 915 2289 1013 2336; x_wconf 84' lang='lat' dir='ltr'><strong>telerna</strong></span> <span class='ocrx_word' id='word_1_387' title='bbox 1064 2299 1168 2335; x_wconf 87' lang='lat' dir='ltr'><strong>crurum</strong></span> <span class='ocrx_word' id='word_1_388' title='bbox 1183 2282 1326 2336; x_wconf 88' lang='lat' dir='ltr'><strong>litterarum</strong></span> <span class='ocrx_word' id='word_1_389' title='bbox 1340 2279 1557 2350; x_wconf 76' lang='lat' dir='ltr'><strong>pulchritudinem</strong></span> <span class='ocrx_word' id='word_1_390' title='bbox 1572 2281 1653 2352; x_wconf 76' lang='lat' dir='ltr'><strong>iacies</strong></span> <span class='ocrx_word' id='word_1_391' title='bbox 1665 2282 1759 2336; x_wconf 89' lang='lat' dir='ltr'><strong>derare</strong></span> <span class='ocrx_word' id='word_1_392' title='bbox 1777 2285 1860 2337; x_wconf 86' lang='lat' dir='ltr'><strong>resti-</strong></span> 
     </span>
     <span class='ocr_line' id='line_1_30' title="bbox 225 2349 1860 2434; baseline -0.001 -24"><span class='ocrx_word' id='word_1_393' title='bbox 225 2357 399 2410; x_wconf 80' lang='lat' dir='ltr'><strong>resultatione</strong></span> <span class='ocrx_word' id='word_1_394' title='bbox 411 2356 523 2428; x_wconf 84' lang='lat' dir='ltr'><strong>qeuclere</strong></span> <span class='ocrx_word' id='word_1_395' title='bbox 541 2352 611 2424; x_wconf 82' lang='lat' dir='ltr'><strong>(bib.</strong></span> <span class='ocrx_word' id='word_1_396' title='bbox 635 2353 667 2406; x_wconf 89' lang='lat' dir='ltr'><strong>de</strong></span> <span class='ocrx_word' id='word_1_397' title='bbox 681 2351 768 2406; x_wconf 83' lang='lat' dir='ltr'><strong>Dicin.</strong></span> <span class='ocrx_word' id='word_1_398' title='bbox 786 2350 868 2416; x_wconf 82' lang='lat' dir='ltr'><strong>titt,</strong></span> <span class='ocrx_word' id='word_1_399' title='bbox 882 2368 940 2420; x_wconf 87' lang='lat' dir='ltr'><strong>cap.</strong></span> <span class='ocrx_word' id='word_1_400' title='bbox 954 2350 1010 2419; x_wconf 72' lang='lat'><strong>28).</strong></span> <span class='ocrx_word' id='word_1_401' title='bbox 1064 2363 1104 2405; x_wconf 91' lang='lat' dir='ltr'><strong>ret</strong></span> <span class='ocrx_word' id='word_1_402' title='bbox 1115 2352 1171 2434; x_wconf 70' lang='lat' dir='ltr'><strong>(lib.</strong></span> <span class='ocrx_word' id='word_1_403' title='bbox 1187 2350 1247 2405; x_wconf 82' lang='lat' dir='ltr'><strong>Die.</strong></span> <span class='ocrx_word' id='word_1_404' title='bbox 1264 2350 1339 2410; x_wconf 75' lang='lat' dir='ltr'><strong>bill„</strong></span> <span class='ocrx_word' id='word_1_405' title='bbox 1355 2366 1413 2420; x_wconf 87' lang='lat' dir='ltr'><strong>rep.</strong></span> <span class='ocrx_word' id='word_1_406' title='bbox 1427 2350 1484 2420; x_wconf 78' lang='lat' dir='ltr'><strong>titt).</strong></span> <span class='ocrx_word' id='word_1_407' title='bbox 1501 2349 1581 2420; x_wconf 84' lang='lat' dir='ltr'><strong>Cujus</strong></span> <span class='ocrx_word' id='word_1_408' title='bbox 1596 2351 1621 2405; x_wconf 90' lang='lat' dir='ltr'><strong>in</strong></span> <span class='ocrx_word' id='word_1_409' title='bbox 1638 2353 1796 2407; x_wconf 85' lang='lat' dir='ltr'><strong>sacietatem</strong></span> <span class='ocrx_word' id='word_1_410' title='bbox 1816 2353 1860 2408; x_wconf 83' lang='lat' dir='ltr'><strong>la-</strong></span> 
     </span>
     <span class='ocr_line' id='line_1_31' title="bbox 223 2420 1860 2496; baseline -0.001 -17"><span class='ocrx_word' id='word_1_411' title='bbox 223 2424 323 2494; x_wconf 80' lang='lat' dir='ltr'><strong>Ecquis</strong></span> <span class='ocrx_word' id='word_1_412' title='bbox 336 2426 465 2481; x_wconf 85' lang='lat' dir='ltr'><strong>illustrius</strong></span> <span class='ocrx_word' id='word_1_413' title='bbox 476 2424 642 2495; x_wconf 77' lang='lat' dir='ltr'><strong>praeluxisset</strong></span> <span class='ocrx_word' id='word_1_414' title='bbox 652 2420 797 2491; x_wconf 87' lang='lat' dir='ltr'><strong>discipulis,</strong></span> <span class='ocrx_word' id='word_1_415' title='bbox 808 2436 887 2490; x_wconf 92' lang='lat' dir='ltr'><strong>quam</strong></span> <span class='ocrx_word' id='word_1_416' title='bbox 901 2422 924 2476; x_wconf 87' lang='lat' dir='ltr'><strong>is</strong></span> <span class='ocrx_word' id='word_1_417' title='bbox 937 2421 1013 2490; x_wconf 89' lang='lat' dir='ltr'><strong>cujus</strong></span> <span class='ocrx_word' id='word_1_418' title='bbox 1065 2420 1139 2477; x_wconf 85' lang='lat' dir='ltr'><strong>boris</strong></span> <span class='ocrx_word' id='word_1_419' title='bbox 1158 2429 1188 2477; x_wconf 91' lang='lat' dir='ltr'><strong>ut</strong></span> <span class='ocrx_word' id='word_1_420' title='bbox 1202 2421 1259 2490; x_wconf 91' lang='lat' dir='ltr'><strong>ipse</strong></span> <span class='ocrx_word' id='word_1_421' title='bbox 1274 2435 1381 2490; x_wconf 92' lang='lat' dir='ltr'><strong>quoque</strong></span> <span class='ocrx_word' id='word_1_422' title='bbox 1396 2422 1512 2484; x_wconf 85' lang='lat' dir='ltr'><strong>reniret,</strong></span> <span class='ocrx_word' id='word_1_423' title='bbox 1525 2429 1739 2496; x_wconf 79' lang='lat' dir='ltr'><strong>tegumentorum</strong></span> <span class='ocrx_word' id='word_1_424' title='bbox 1754 2420 1860 2478; x_wconf 82' lang='lat' dir='ltr'><strong>surmus</strong></span> 
     </span>
     <span class='ocr_line' id='line_1_32' title="bbox 225 2488 1859 2562; baseline -0.001 -14"><span class='ocrx_word' id='word_1_425' title='bbox 225 2495 311 2550; x_wconf 84' lang='lat' dir='ltr'><strong>virtus</strong></span> <span class='ocrx_word' id='word_1_426' title='bbox 321 2496 430 2551; x_wconf 84' lang='lat' dir='ltr'><strong>excelsu</strong></span> <span class='ocrx_word' id='word_1_427' title='bbox 447 2496 509 2549; x_wconf 89' lang='lat' dir='ltr'><strong>loco</strong></span> <span class='ocrx_word' id='word_1_428' title='bbox 520 2495 582 2559; x_wconf 87' lang='lat' dir='ltr'><strong>sita,</strong></span> <span class='ocrx_word' id='word_1_429' title='bbox 599 2494 665 2547; x_wconf 89' lang='lat' dir='ltr'><strong>satis</strong></span> <span class='ocrx_word' id='word_1_430' title='bbox 680 2494 737 2562; x_wconf 90' lang='lat' dir='ltr'><strong>ipsa</strong></span> <span class='ocrx_word' id='word_1_431' title='bbox 752 2506 837 2560; x_wconf 90' lang='lat' dir='ltr'><strong>perse</strong></span> <span class='ocrx_word' id='word_1_432' title='bbox 851 2491 877 2545; x_wconf 92' lang='lat' dir='ltr'><strong>in</strong></span> <span class='ocrx_word' id='word_1_433' title='bbox 893 2492 1013 2545; x_wconf 91' lang='lat' dir='ltr'><strong>omnium</strong></span> <span class='ocrx_word' id='word_1_434' title='bbox 1064 2490 1157 2547; x_wconf 90' lang='lat' dir='ltr'><strong>solerti</strong></span> <span class='ocrx_word' id='word_1_435' title='bbox 1178 2491 1293 2553; x_wconf 86' lang='lat' dir='ltr'><strong>coniecit</strong></span> <span class='ocrx_word' id='word_1_436' title='bbox 1308 2490 1437 2543; x_wconf 91' lang='lat' dir='ltr'><strong>industria</strong></span> <span class='ocrx_word' id='word_1_437' title='bbox 1454 2507 1461 2544; x_wconf 78' lang='grc' dir='ltr'><strong>ι</strong></span> <span class='ocrx_word' id='word_1_438' title='bbox 1478 2488 1575 2555; x_wconf 77' lang='lat' dir='ltr'><strong>Quibus</strong></span> <span class='ocrx_word' id='word_1_439' title='bbox 1589 2490 1741 2562; x_wconf 90' lang='lat' dir='ltr'><strong>multiplices</strong></span> <span class='ocrx_word' id='word_1_440' title='bbox 1757 2495 1859 2562; x_wconf 86' lang='lat' dir='ltr'><strong>speeies</strong></span> 
     </span>
     <span class='ocr_line' id='line_1_33' title="bbox 225 2559 1855 2634; baseline -0.001 -16"><span class='ocrx_word' id='word_1_441' title='bbox 225 2565 377 2620; x_wconf 87' lang='lat' dir='ltr'><strong>incurrebat</strong></span> <span class='ocrx_word' id='word_1_442' title='bbox 391 2565 495 2629; x_wconf 90' lang='lat' dir='ltr'><strong>oculus;</strong></span> <span class='ocrx_word' id='word_1_443' title='bbox 511 2564 587 2631; x_wconf 86' lang='lat' dir='ltr'><strong>cujus</strong></span> <span class='ocrx_word' id='word_1_444' title='bbox 600 2563 711 2617; x_wconf 90' lang='lat' dir='ltr'><strong>seientia</strong></span> <span class='ocrx_word' id='word_1_445' title='bbox 722 2560 925 2629; x_wconf 87' lang='lat' dir='ltr'><strong>singularisnon</strong></span> <span class='ocrx_word' id='word_1_446' title='bbox 937 2561 1013 2615; x_wconf 87' lang='lat' dir='ltr'><strong>elau·</strong></span> <span class='ocrx_word' id='word_1_447' title='bbox 1066 2566 1227 2634; x_wconf 72' lang='lat' dir='ltr'><strong>lactucarum</strong></span> <span class='ocrx_word' id='word_1_448' title='bbox 1248 2561 1276 2615; x_wconf 89' lang='lat' dir='ltr'><strong>iu</strong></span> <span class='ocrx_word' id='word_1_449' title='bbox 1289 2576 1341 2613; x_wconf 87' lang='lat' dir='ltr'><strong>utto</strong></span> <span class='ocrx_word' id='word_1_450' title='bbox 1351 2559 1438 2615; x_wconf 87' lang='lat' dir='ltr'><strong>codice</strong></span> <span class='ocrx_word' id='word_1_451' title='bbox 1457 2559 1571 2631; x_wconf 84' lang='lat' dir='ltr'><strong>depictus</strong></span> <span class='ocrx_word' id='word_1_452' title='bbox 1586 2560 1703 2615; x_wconf 59' lang='lat' dir='ltr'><strong>&amp;center</strong></span> <span class='ocrx_word' id='word_1_453' title='bbox 1716 2579 1855 2631; x_wconf 78' lang='lat' dir='ltr'><strong>represse-</strong></span> 
     </span>
     <span class='ocr_line' id='line_1_34' title="bbox 224 2630 1861 2705; baseline -0.001 -16"><span class='ocrx_word' id='word_1_454' title='bbox 224 2637 263 2689; x_wconf 88' lang='lat' dir='ltr'><strong>sis</strong></span> <span class='ocrx_word' id='word_1_455' title='bbox 277 2634 409 2691; x_wconf 86' lang='lat' dir='ltr'><strong>invidioso</strong></span> <span class='ocrx_word' id='word_1_456' title='bbox 431 2635 533 2701; x_wconf 86' lang='lat' dir='ltr'><strong>nrodio,</strong></span> <span class='ocrx_word' id='word_1_457' title='bbox 556 2632 633 2687; x_wconf 89' lang='lat' dir='ltr'><strong>sede</strong></span> <span class='ocrx_word' id='word_1_458' title='bbox 648 2630 810 2687; x_wconf 87' lang='lat' dir='ltr'><strong>candelabro</strong></span> <span class='ocrx_word' id='word_1_459' title='bbox 821 2630 1014 2700; x_wconf 87' lang='lat' dir='ltr'><strong>spectabilibus</strong></span> <span class='ocrx_word' id='word_1_460' title='bbox 1065 2639 1116 2697; x_wconf 87' lang='lat' dir='ltr'><strong>ret,</strong></span> <span class='ocrx_word' id='word_1_461' title='bbox 1132 2641 1160 2686; x_wconf 92' lang='lat' dir='ltr'><strong>ut</strong></span> <span class='ocrx_word' id='word_1_462' title='bbox 1169 2632 1270 2704; x_wconf 82' lang='lat' dir='ltr'><strong>qrielem</strong></span> <span class='ocrx_word' id='word_1_463' title='bbox 1284 2632 1372 2685; x_wconf 88' lang='lat' dir='ltr'><strong>maliet</strong></span> <span class='ocrx_word' id='word_1_464' title='bbox 1384 2630 1514 2686; x_wconf 88' lang='lat' dir='ltr'><strong>studiosus</strong></span> <span class='ocrx_word' id='word_1_465' title='bbox 1526 2633 1664 2703; x_wconf 83' lang='lat' dir='ltr'><strong>tepentcuti</strong></span> <span class='ocrx_word' id='word_1_466' title='bbox 1677 2632 1787 2701; x_wconf 72' lang='lat' dir='ltr'><strong>[armam</strong></span> <span class='ocrx_word' id='word_1_467' title='bbox 1800 2636 1861 2705; x_wconf 89' lang='lat' dir='ltr'><strong>ipsc</strong></span> 
     </span>
     <span class='ocr_line' id='line_1_35' title="bbox 225 2698 1265 2774; baseline -0.002 -17"><span class='ocrx_word' id='word_1_468' title='bbox 225 2705 378 2774; x_wconf 89' lang='lat' dir='ltr'><strong>omnesqui</strong></span> <span class='ocrx_word' id='word_1_469' title='bbox 393 2712 471 2760; x_wconf 91' lang='lat' dir='ltr'><strong>eraut</strong></span> <span class='ocrx_word' id='word_1_470' title='bbox 485 2713 541 2758; x_wconf 90' lang='lat' dir='ltr'><strong>tum</strong></span> <span class='ocrx_word' id='word_1_471' title='bbox 561 2703 587 2755; x_wconf 91' lang='lat' dir='ltr'><strong>in</strong></span> <span class='ocrx_word' id='word_1_472' title='bbox 602 2704 684 2756; x_wconf 92' lang='lat' dir='ltr'><strong>domo</strong></span> <span class='ocrx_word' id='word_1_473' title='bbox 697 2698 876 2765; x_wconf 84' lang='lat' dir='ltr'><strong>Castelliensi,</strong></span> <span class='ocrx_word' id='word_1_474' title='bbox 906 2708 962 2755; x_wconf 92' lang='lat' dir='ltr'><strong>tum</strong></span> <span class='ocrx_word' id='word_1_475' title='bbox 985 2702 1012 2756; x_wconf 93' lang='lat' dir='ltr'><strong>in</strong></span> <span class='ocrx_word' id='word_1_476' title='bbox 1063 2712 1150 2773; x_wconf 83' lang='lat' dir='ltr'><strong>posset</strong></span> <span class='ocrx_word' id='word_1_477' title='bbox 1163 2703 1196 2755; x_wconf 88' lang='lat' dir='ltr'><strong>eti</strong></span> <span class='ocrx_word' id='word_1_478' title='bbox 1214 2718 1265 2755; x_wconf 89' lang='lat' dir='ltr'><strong>ere.</strong></span> 
     </span>
     <span class='ocr_line' id='line_1_36' title="bbox 225 2769 1856 2843; baseline 0.001 -17"><span class='ocrx_word' id='word_1_479' title='bbox 225 2772 344 2830; x_wconf 83' lang='lat' dir='ltr'><strong>Ecclesia</strong></span> <span class='ocrx_word' id='word_1_480' title='bbox 357 2771 726 2829; x_wconf 82' lang='lat' dir='ltr'><strong>urrirersaradiisillustraba</strong></span> <span class='ocrx_word' id='word_1_481' title='bbox 739 2770 751 2823; x_wconf 89' lang='lat' dir='ltr'><strong>i</strong></span> <span class='ocrx_word' id='word_1_482' title='bbox 762 2769 1014 2840; x_wconf 75' lang='lat' dir='ltr'><strong>decenderatsiqui-</strong></span> <span class='ocrx_word' id='word_1_483' title='bbox 1102 2773 1116 2843; x_wconf 68' lang='lat'><strong>5</strong></span> <span class='ocrx_word' id='word_1_484' title='bbox 1131 2771 1178 2828; x_wconf 87' lang='lat' dir='ltr'><strong>xtt</strong></span> <span class='ocrx_word' id='word_1_485' title='bbox 1216 2770 1423 2826; x_wconf 60' lang='lat' dir='ltr'><strong>idaminimus</strong></span> <span class='ocrx_word' id='word_1_486' title='bbox 1431 2771 1549 2825; x_wconf 87' lang='lat' dir='ltr'><strong>lucernas</strong></span> <span class='ocrx_word' id='word_1_487' title='bbox 1557 2770 1687 2826; x_wconf 84' lang='lat' dir='ltr'><strong>mirabiles</strong></span> <span class='ocrx_word' id='word_1_488' title='bbox 1702 2775 1856 2830; x_wconf 88' lang='lat' dir='ltr'><strong>concinnet.</strong></span> 
     </span>
     <span class='ocr_line' id='line_1_37' title="bbox 225 2839 1859 2913; baseline 0.001 -17"><span class='ocrx_word' id='word_1_489' title='bbox 225 2842 377 2899; x_wconf 90' lang='lat' dir='ltr'><strong>demsolem</strong></span> <span class='ocrx_word' id='word_1_490' title='bbox 388 2839 1014 2913; x_wconf 86' lang='lat' dir='ltr'><strong>buncsplendidissimumDeus;utetpullulan-</strong></span> <span class='ocrx_word' id='word_1_491' title='bbox 1064 2840 1123 2898; x_wconf 89' lang='lat' dir='ltr'><strong>Non</strong></span> <span class='ocrx_word' id='word_1_492' title='bbox 1138 2844 1238 2910; x_wconf 91' lang='lat' dir='ltr'><strong>absque</strong></span> <span class='ocrx_word' id='word_1_493' title='bbox 1248 2840 1353 2911; x_wconf 88' lang='lat' dir='ltr'><strong>piaculo</strong></span> <span class='ocrx_word' id='word_1_494' title='bbox 1362 2854 1428 2895; x_wconf 90' lang='lat' dir='ltr'><strong>sane</strong></span> <span class='ocrx_word' id='word_1_495' title='bbox 1441 2841 1641 2896; x_wconf 86' lang='lat' dir='ltr'><strong>bictaeeremns</strong></span> <span class='ocrx_word' id='word_1_496' title='bbox 1655 2842 1780 2898; x_wconf 87' lang='lat' dir='ltr'><strong>ltreernas</strong></span> <span class='ocrx_word' id='word_1_497' title='bbox 1795 2843 1859 2900; x_wconf 88' lang='lat' dir='ltr'><strong>illas</strong></span> 
     </span>
     <span class='ocr_line' id='line_1_38' title="bbox 226 2910 1860 2975; baseline 0 -8"><span class='ocrx_word' id='word_1_498' title='bbox 226 2913 262 2967; x_wconf 89' lang='lat' dir='ltr'><strong>tia</strong></span> <span class='ocrx_word' id='word_1_499' title='bbox 275 2913 301 2967; x_wconf 92' lang='lat' dir='ltr'><strong>in</strong></span> <span class='ocrx_word' id='word_1_500' title='bbox 312 2914 379 2969; x_wconf 89' lang='lat' dir='ltr'><strong>urbe</strong></span> <span class='ocrx_word' id='word_1_501' title='bbox 392 2915 517 2969; x_wconf 90' lang='lat' dir='ltr'><strong>universo</strong></span> <span class='ocrx_word' id='word_1_502' title='bbox 532 2912 656 2967; x_wconf 83' lang='lat' dir='ltr'><strong>vitiorum</strong></span> <span class='ocrx_word' id='word_1_503' title='bbox 667 2917 797 2973; x_wconf 87' lang='lat' dir='ltr'><strong>monstra,</strong></span> <span class='ocrx_word' id='word_1_504' title='bbox 809 2913 1013 2968; x_wconf 86' lang='lat' dir='ltr'><strong>etrerrascentia</strong></span> <span class='ocrx_word' id='word_1_505' title='bbox 1065 2928 1119 2967; x_wconf 92' lang='lat' dir='ltr'><strong>non</strong></span> <span class='ocrx_word' id='word_1_506' title='bbox 1127 2912 1304 2967; x_wconf 88' lang='lat' dir='ltr'><strong>admiratione</strong></span> <span class='ocrx_word' id='word_1_507' title='bbox 1316 2910 1412 2975; x_wconf 91' lang='lat' dir='ltr'><strong>solum,</strong></span> <span class='ocrx_word' id='word_1_508' title='bbox 1420 2911 1583 2965; x_wconf 83' lang='lat' dir='ltr'><strong>sedceternis</strong></span> <span class='ocrx_word' id='word_1_509' title='bbox 1593 2913 1673 2967; x_wconf 87' lang='lat' dir='ltr'><strong>etiam</strong></span> <span class='ocrx_word' id='word_1_510' title='bbox 1681 2911 1804 2968; x_wconf 87' lang='lat' dir='ltr'><strong>laudibus</strong></span> <span class='ocrx_word' id='word_1_511' title='bbox 1814 2913 1860 2968; x_wconf 90' lang='lat' dir='ltr'><strong>di-</strong></span> 
     </span>
     <span class='ocr_line' id='line_1_39' title="bbox 224 2979 1859 3054; baseline 0 -16"><span class='ocrx_word' id='word_1_512' title='bbox 224 2997 332 3054; x_wconf 88' lang='lat' dir='ltr'><strong>semper</strong></span> <span class='ocrx_word' id='word_1_513' title='bbox 344 2984 371 3038; x_wconf 92' lang='lat' dir='ltr'><strong>in</strong></span> <span class='ocrx_word' id='word_1_514' title='bbox 386 2998 556 3039; x_wconf 91' lang='lat' dir='ltr'><strong>communem</strong></span> <span class='ocrx_word' id='word_1_515' title='bbox 566 2981 779 3037; x_wconf 86' lang='lat' dir='ltr'><strong>Christianorum</strong></span> <span class='ocrx_word' id='word_1_516' title='bbox 792 2981 911 3035; x_wconf 92' lang='lat' dir='ltr'><strong>omnium</strong></span> <span class='ocrx_word' id='word_1_517' title='bbox 921 2983 1013 3050; x_wconf 65' lang='lat' dir='ltr'><strong>perui</strong></span> <span class='ocrx_word' id='word_1_518' title='bbox 1064 2985 1217 3052; x_wconf 86' lang='lat' dir='ltr'><strong>guissimas,</strong></span> <span class='ocrx_word' id='word_1_519' title='bbox 1232 2997 1299 3052; x_wconf 90' lang='lat' dir='ltr'><strong>quas</strong></span> <span class='ocrx_word' id='word_1_520' title='bbox 1314 2979 1426 3035; x_wconf 88' lang='lat' dir='ltr'><strong>iratrum</strong></span> <span class='ocrx_word' id='word_1_521' title='bbox 1441 2980 1553 3035; x_wconf 91' lang='lat' dir='ltr'><strong>multam</strong></span> <span class='ocrx_word' id='word_1_522' title='bbox 1572 2982 1598 3036; x_wconf 94' lang='lat' dir='ltr'><strong>in</strong></span> <span class='ocrx_word' id='word_1_523' title='bbox 1617 2990 1724 3037; x_wconf 87' lang='lat' dir='ltr'><strong>noctem</strong></span> <span class='ocrx_word' id='word_1_524' title='bbox 1746 2984 1859 3039; x_wconf 86' lang='lat' dir='ltr'><strong>labores</strong></span> 
     </span>
     <span class='ocr_line' id='line_1_40' title="bbox 224 3050 1860 3124; baseline 0.001 -18"><span class='ocrx_word' id='word_1_525' title='bbox 224 3053 294 3108; x_wconf 75' lang='lat' dir='ltr'><strong>mem</strong></span> <span class='ocrx_word' id='word_1_526' title='bbox 306 3054 506 3121; x_wconf 80' lang='lat' dir='ltr'><strong>lraeretieorum,</strong></span> <span class='ocrx_word' id='word_1_527' title='bbox 520 3052 603 3107; x_wconf 82' lang='lat' dir='ltr'><strong>ueluti</strong></span> <span class='ocrx_word' id='word_1_528' title='bbox 613 3060 654 3107; x_wconf 92' lang='lat' dir='ltr'><strong>tot</strong></span> <span class='ocrx_word' id='word_1_529' title='bbox 667 3050 811 3124; x_wconf 81' lang='lat' dir='ltr'><strong>hydrarum</strong></span> <span class='ocrx_word' id='word_1_530' title='bbox 824 3052 924 3120; x_wconf 92' lang='lat' dir='ltr'><strong>capita,</strong></span> <span class='ocrx_word' id='word_1_531' title='bbox 945 3068 1012 3122; x_wconf 89' lang='lat' dir='ltr'><strong>pura</strong></span> <span class='ocrx_word' id='word_1_532' title='bbox 1064 3052 1271 3122; x_wconf 88' lang='lat' dir='ltr'><strong>producentium</strong></span> <span class='ocrx_word' id='word_1_533' title='bbox 1285 3051 1383 3120; x_wconf 85' lang='lat' dir='ltr'><strong>vigiliis</strong></span> <span class='ocrx_word' id='word_1_534' title='bbox 1402 3050 1532 3122; x_wconf 88' lang='lat' dir='ltr'><strong>stupendo</strong></span> <span class='ocrx_word' id='word_1_535' title='bbox 1547 3051 1660 3107; x_wconf 75' lang='lat' dir='ltr'><strong>artificio</strong></span> <span class='ocrx_word' id='word_1_536' title='bbox 1675 3054 1860 3108; x_wconf 82' lang='lat' dir='ltr'><strong>concinnare·</strong></span> 
     </span>
     <span class='ocr_line' id='line_1_41' title="bbox 226 3121 1859 3198; baseline 0 -21"><span class='ocrx_word' id='word_1_537' title='bbox 226 3122 287 3179; x_wconf 89' lang='lat' dir='ltr'><strong>luce</strong></span> <span class='ocrx_word' id='word_1_538' title='bbox 301 3123 450 3191; x_wconf 79' lang='lat' dir='ltr'><strong>detegeret,</strong></span> <span class='ocrx_word' id='word_1_539' title='bbox 466 3124 581 3191; x_wconf 78' lang='lat' dir='ltr'><strong>igneque</strong></span> <span class='ocrx_word' id='word_1_540' title='bbox 593 3127 765 3178; x_wconf 85' lang='lat' dir='ltr'><strong>consumeret</strong></span> <span class='ocrx_word' id='word_1_541' title='bbox 777 3122 975 3176; x_wconf 89' lang='lat' dir='ltr'><strong>actuosissimo.</strong></span> <span class='ocrx_word' id='word_1_542' title='bbox 1025 3134 1048 3198; x_wconf 74' lang='lat' dir='ltr'>c</span> <span class='ocrx_word' id='word_1_543' title='bbox 1064 3130 1125 3177; x_wconf 86' lang='lat' dir='ltr'><strong>rat:</strong></span> <span class='ocrx_word' id='word_1_544' title='bbox 1141 3122 1293 3177; x_wconf 81' lang='lat' dir='ltr'><strong>Perarimus</strong></span> <span class='ocrx_word' id='word_1_545' title='bbox 1314 3121 1392 3175; x_wconf 88' lang='lat' dir='ltr'><strong>etiem</strong></span> <span class='ocrx_word' id='word_1_546' title='bbox 1412 3123 1545 3175; x_wconf 85' lang='lat' dir='ltr'><strong>nocturnis</strong></span> <span class='ocrx_word' id='word_1_547' title='bbox 1574 3124 1666 3193; x_wconf 82' lang='lat' dir='ltr'><strong>ripiliis</strong></span> <span class='ocrx_word' id='word_1_548' title='bbox 1690 3124 1859 3180; x_wconf 84' lang='lat' dir='ltr'><strong>rneclrauiras</strong></span> 
     </span>
     <span class='ocr_line' id='line_1_42' title="bbox 261 3190 1860 3266; baseline 0.001 -19"><span class='ocrx_word' id='word_1_549' title='bbox 261 3192 389 3266; x_wconf 70' lang='lat' dir='ltr'><strong>§xxm</strong></span> <span class='ocrx_word' id='word_1_550' title='bbox 409 3190 1014 3262; x_wconf 83' lang='lat' dir='ltr'><strong>Cassiodorussuoremquasdemiudescribee·</strong></span> <span class='ocrx_word' id='word_1_551' title='bbox 1063 3192 1194 3259; x_wconf 84' lang='lat' dir='ltr'><strong>lucentes,</strong></span> <span class='ocrx_word' id='word_1_552' title='bbox 1222 3191 1423 3247; x_wconf 78' lang='lat' dir='ltr'><strong>conservatrices</strong></span> <span class='ocrx_word' id='word_1_553' title='bbox 1455 3191 1656 3247; x_wconf 80' lang='lat' dir='ltr'><strong>illuminantium</strong></span> <span class='ocrx_word' id='word_1_554' title='bbox 1687 3194 1860 3262; x_wconf 74' lang='lat' dir='ltr'><strong>pammenius</strong></span> 
     </span>
     <span class='ocr_line' id='line_1_43' title="bbox 226 3260 1856 3333; baseline 0 -16"><span class='ocrx_word' id='word_1_555' title='bbox 226 3262 266 3318; x_wconf 83' lang='lat' dir='ltr'><strong>dis</strong></span> <span class='ocrx_word' id='word_1_556' title='bbox 282 3264 336 3320; x_wconf 86' lang='lat' dir='ltr'><strong>SS.</strong></span> <span class='ocrx_word' id='word_1_557' title='bbox 352 3264 482 3320; x_wconf 85' lang='lat' dir='ltr'><strong>codicibus</strong></span> <span class='ocrx_word' id='word_1_558' title='bbox 502 3264 623 3333; x_wconf 89' lang='lat' dir='ltr'><strong>occupari</strong></span> <span class='ocrx_word' id='word_1_559' title='bbox 646 3260 719 3333; x_wconf 75' lang='lat' dir='ltr'><strong>jabet</strong></span> <span class='ocrx_word' id='word_1_560' title='bbox 744 3277 837 3332; x_wconf 86' lang='lat' dir='ltr'><strong>eosque</strong></span> <span class='ocrx_word' id='word_1_561' title='bbox 851 3263 935 3332; x_wconf 82' lang='lat' dir='ltr'><strong>juret.</strong></span> <span class='ocrx_word' id='word_1_562' title='bbox 959 3261 1013 3318; x_wconf 89' lang='lat' dir='ltr'><strong>Sed</strong></span> <span class='ocrx_word' id='word_1_563' title='bbox 1063 3264 1133 3333; x_wconf 89' lang='lat' dir='ltr'><strong>ipses</strong></span> <span class='ocrx_word' id='word_1_564' title='bbox 1143 3263 1192 3317; x_wconf 89' lang='lat' dir='ltr'><strong>sibi</strong></span> <span class='ocrx_word' id='word_1_565' title='bbox 1203 3264 1343 3316; x_wconf 83' lang='lat' dir='ltr'><strong>nutrientes</strong></span> <span class='ocrx_word' id='word_1_566' title='bbox 1357 3260 1520 3323; x_wconf 87' lang='lat' dir='ltr'><strong>incendium,</strong></span> <span class='ocrx_word' id='word_1_567' title='bbox 1535 3278 1592 3333; x_wconf 85' lang='lat' dir='ltr'><strong>qma</strong></span> <span class='ocrx_word' id='word_1_568' title='bbox 1607 3264 1718 3317; x_wconf 85' lang='lat' dir='ltr'><strong>leunteno</strong></span> <span class='ocrx_word' id='word_1_569' title='bbox 1732 3265 1856 3317; x_wconf 89' lang='lat' dir='ltr'><strong>ministe-</strong></span> 
     </span>
     <span class='ocr_line' id='line_1_44' title="bbox 224 3329 1860 3404; baseline -0.001 -15"><span class='ocrx_word' id='word_1_570' title='bbox 224 3349 280 3389; x_wconf 89' lang='lat' dir='ltr'><strong>uon</strong></span> <span class='ocrx_word' id='word_1_571' title='bbox 291 3335 395 3404; x_wconf 88' lang='lat' dir='ltr'><strong>singula</strong></span> <span class='ocrx_word' id='word_1_572' title='bbox 409 3334 453 3388; x_wconf 89' lang='lat' dir='ltr'><strong>bie</strong></span> <span class='ocrx_word' id='word_1_573' title='bbox 464 3333 567 3387; x_wconf 90' lang='lat' dir='ltr'><strong>narrari</strong></span> <span class='ocrx_word' id='word_1_574' title='bbox 583 3339 712 3404; x_wconf 88' lang='lat' dir='ltr'><strong>pessunt;</strong></span> <span class='ocrx_word' id='word_1_575' title='bbox 726 3329 781 3398; x_wconf 82' lang='lat' dir='ltr'><strong>jam</strong></span> <span class='ocrx_word' id='word_1_576' title='bbox 804 3329 910 3401; x_wconf 82' lang='lat' dir='ltr'><strong>&#39;amque</strong></span> <span class='ocrx_word' id='word_1_577' title='bbox 933 3340 1013 3387; x_wconf 88' lang='lat' dir='ltr'><strong>vocat</strong></span> <span class='ocrx_word' id='word_1_578' title='bbox 1062 3334 1103 3387; x_wconf 90' lang='lat' dir='ltr'><strong>rie</strong></span> <span class='ocrx_word' id='word_1_579' title='bbox 1117 3342 1242 3398; x_wconf 84' lang='lat' dir='ltr'><strong>cessante,</strong></span> <span class='ocrx_word' id='word_1_580' title='bbox 1257 3333 1357 3402; x_wconf 77' lang='lat' dir='ltr'><strong>prolixe</strong></span> <span class='ocrx_word' id='word_1_581' title='bbox 1368 3331 1515 3385; x_wconf 85' lang='lat' dir='ltr'><strong>custodiant</strong></span> <span class='ocrx_word' id='word_1_582' title='bbox 1524 3333 1646 3387; x_wconf 87' lang='lat' dir='ltr'><strong>uberrimi</strong></span> <span class='ocrx_word' id='word_1_583' title='bbox 1657 3332 1760 3387; x_wconf 89' lang='lat' dir='ltr'><strong>leminis</strong></span> <span class='ocrx_word' id='word_1_584' title='bbox 1771 3333 1860 3387; x_wconf 89' lang='lat' dir='ltr'><strong>ebun-</strong></span> 
     </span>
     <span class='ocr_line' id='line_1_45' title="bbox 225 3346 1858 3474; baseline -0.001 -17"><span class='ocrx_word' id='word_1_585' title='bbox 225 3418 277 3459; x_wconf 88' lang='lat' dir='ltr'><strong>nus</strong></span> <span class='ocrx_word' id='word_1_586' title='bbox 291 3403 323 3458; x_wconf 90' lang='lat' dir='ltr'><strong>ad</strong></span> <span class='ocrx_word' id='word_1_587' title='bbox 334 3420 375 3473; x_wconf 88' lang='lat' dir='ltr'><strong>se,</strong></span> <span class='ocrx_word' id='word_1_588' title='bbox 390 3420 440 3459; x_wconf 91' lang='lat' dir='ltr'><strong>nec</strong></span> <span class='ocrx_word' id='word_1_589' title='bbox 453 3404 486 3458; x_wconf 91' lang='lat' dir='ltr'><strong>de</strong></span> <span class='ocrx_word' id='word_1_590' title='bbox 500 3402 623 3457; x_wconf 87' lang='lat' dir='ltr'><strong>laudibus</strong></span> <span class='ocrx_word' id='word_1_591' title='bbox 636 3402 692 3457; x_wconf 90' lang='lat' dir='ltr'><strong>suis</strong></span> <span class='ocrx_word' id='word_1_592' title='bbox 703 3401 784 3456; x_wconf 90' lang='lat' dir='ltr'><strong>silere</strong></span> <span class='ocrx_word' id='word_1_593' title='bbox 796 3346 896 3457; x_wconf 64' lang='lat' dir='ltr'><strong>diutius</strong></span> <span class='ocrx_word' id='word_1_594' title='bbox 912 3403 1014 3474; x_wconf 87' lang='lat' dir='ltr'><strong>patitur</strong></span> <span class='ocrx_word' id='word_1_595' title='bbox 1064 3402 1244 3457; x_wconf 75' lang='lat' dir='ltr'><strong>beatissimam</strong></span> <span class='ocrx_word' id='word_1_596' title='bbox 1258 3404 1420 3457; x_wconf 86' lang='lat' dir='ltr'><strong>cleritatem:</strong></span> <span class='ocrx_word' id='word_1_597' title='bbox 1438 3401 1483 3454; x_wconf 91' lang='lat' dir='ltr'><strong>ubi</strong></span> <span class='ocrx_word' id='word_1_598' title='bbox 1506 3400 1557 3456; x_wconf 90' lang='lat' dir='ltr'><strong>olei</strong></span> <span class='ocrx_word' id='word_1_599' title='bbox 1570 3403 1698 3473; x_wconf 84' lang='lat' dir='ltr'><strong>pireprreria</strong></span> <span class='ocrx_word' id='word_1_600' title='bbox 1717 3419 1769 3457; x_wconf 82' lang='lat' dir='ltr'><strong>narr</strong></span> <span class='ocrx_word' id='word_1_601' title='bbox 1785 3404 1858 3472; x_wconf 73' lang='lat' dir='ltr'><strong>ricp-</strong></span> 
     </span>
     <span class='ocr_line' id='line_1_46' title="bbox 225 3470 1856 3544; baseline 0.001 -17"><span class='ocrx_word' id='word_1_602' title='bbox 225 3474 438 3544; x_wconf 88' lang='lat' dir='ltr'><strong>antiquariorum</strong></span> <span class='ocrx_word' id='word_1_603' title='bbox 452 3473 539 3535; x_wconf 88' lang='lat' dir='ltr'><strong>labor,</strong></span> <span class='ocrx_word' id='word_1_604' title='bbox 559 3488 628 3542; x_wconf 90' lang='lat' dir='ltr'><strong>quos</strong></span> <span class='ocrx_word' id='word_1_605' title='bbox 643 3472 722 3542; x_wconf 77' lang='lat' dir='ltr'><strong>iussit</strong></span> <span class='ocrx_word' id='word_1_606' title='bbox 735 3471 919 3527; x_wconf 84' lang='lat' dir='ltr'><strong>describendis</strong></span> <span class='ocrx_word' id='word_1_607' title='bbox 929 3474 1014 3529; x_wconf 90' lang='lat' dir='ltr'><strong>saeris</strong></span> <span class='ocrx_word' id='word_1_608' title='bbox 1063 3475 1109 3540; x_wconf 92' lang='lat' dir='ltr'><strong>cit,</strong></span> <span class='ocrx_word' id='word_1_609' title='bbox 1122 3473 1238 3544; x_wconf 84' lang='lat' dir='ltr'><strong>qttenrris</strong></span> <span class='ocrx_word' id='word_1_610' title='bbox 1248 3473 1360 3543; x_wconf 71' lang='lat' dir='ltr'><strong>dammis</strong></span> <span class='ocrx_word' id='word_1_611' title='bbox 1374 3470 1521 3525; x_wconf 82' lang='lat' dir='ltr'><strong>ardentibus</strong></span> <span class='ocrx_word' id='word_1_612' title='bbox 1531 3472 1630 3544; x_wconf 82' lang='lat' dir='ltr'><strong>jupiter</strong></span> <span class='ocrx_word' id='word_1_613' title='bbox 1640 3481 1767 3527; x_wconf 88' lang='lat' dir='ltr'><strong>torreatur</strong></span> <span class='ocrx_word' id='word_1_614' title='bbox 1778 3473 1856 3543; x_wconf 80' lang='lat' dir='ltr'><strong>(Lib.</strong></span> 
     </span>
     <span class='ocr_line' id='line_1_47' title="bbox 225 3541 1349 3615; baseline -0.001 -17"><span class='ocrx_word' id='word_1_615' title='bbox 225 3544 362 3599; x_wconf 87' lang='lat' dir='ltr'><strong>codicibus</strong></span> <span class='ocrx_word' id='word_1_616' title='bbox 374 3546 516 3614; x_wconf 86' lang='lat' dir='ltr'><strong>ocetrpari;</strong></span> <span class='ocrx_word' id='word_1_617' title='bbox 532 3550 560 3597; x_wconf 90' lang='lat' dir='ltr'><strong>ut</strong></span> <span class='ocrx_word' id='word_1_618' title='bbox 573 3559 653 3597; x_wconf 89' lang='lat' dir='ltr'><strong>ntanu</strong></span> <span class='ocrx_word' id='word_1_619' title='bbox 671 3542 816 3597; x_wconf 86' lang='lat' dir='ltr'><strong>bominibus</strong></span> <span class='ocrx_word' id='word_1_620' title='bbox 830 3542 1013 3611; x_wconf 84' lang='lat' dir='ltr'><strong>predicarent,</strong></span> <span class='ocrx_word' id='word_1_621' title='bbox 1064 3541 1124 3600; x_wconf 84' lang='lat' dir='ltr'><strong>Diu.</strong></span> <span class='ocrx_word' id='word_1_622' title='bbox 1141 3541 1205 3596; x_wconf 88' lang='lat' dir='ltr'><strong>Litt.</strong></span> <span class='ocrx_word' id='word_1_623' title='bbox 1221 3560 1277 3615; x_wconf 86' lang='lat' dir='ltr'><strong>cap.</strong></span> <span class='ocrx_word' id='word_1_624' title='bbox 1292 3542 1349 3611; x_wconf 76' lang='lat' dir='ltr'><strong>aa).</strong></span> 
     </span>
    </p>
   </div>
   <div class='ocr_carea' id='block_1_5' title="bbox 221 3611 1015 5856">
    <p class='ocr_par' dir='ltr' id='par_1_5' title="bbox 221 3611 1015 5856">
     <span class='ocr_line' id='line_1_48' title="bbox 224 3611 1015 3686; baseline 0.004 -20"><span class='ocrx_word' id='word_1_625' title='bbox 224 3613 311 3684; x_wconf 80' lang='lat' dir='ltr'><strong>digitis</strong></span> <span class='ocrx_word' id='word_1_626' title='bbox 326 3614 428 3686; x_wconf 88' lang='lat' dir='ltr'><strong>linpues</strong></span> <span class='ocrx_word' id='word_1_627' title='bbox 442 3614 580 3685; x_wconf 88' lang='lat' dir='ltr'><strong>operirent,</strong></span> <span class='ocrx_word' id='word_1_628' title='bbox 596 3623 619 3666; x_wconf 91' lang='lat' dir='ltr'><strong>et</strong></span> <span class='ocrx_word' id='word_1_629' title='bbox 630 3622 721 3667; x_wconf 89' lang='lat' dir='ltr'><strong>cantra</strong></span> <span class='ocrx_word' id='word_1_630' title='bbox 731 3612 857 3667; x_wconf 83' lang='lat' dir='ltr'><strong>dentonis</strong></span> <span class='ocrx_word' id='word_1_631' title='bbox 870 3611 1015 3684; x_wconf 87' lang='lat' dir='ltr'><strong>subreptio·</strong></span> 
     </span>
     <span class='ocr_line' id='line_1_49' title="bbox 225 3681 1013 3754; baseline 0.001 -18"><span class='ocrx_word' id='word_1_632' title='bbox 225 3698 272 3737; x_wconf 89' lang='lat' dir='ltr'><strong>nes</strong></span> <span class='ocrx_word' id='word_1_633' title='bbox 296 3684 396 3753; x_wconf 85' lang='lat' dir='ltr'><strong>cplnmo</strong></span> <span class='ocrx_word' id='word_1_634' title='bbox 417 3691 610 3754; x_wconf 80' lang='lat' dir='ltr'><strong>atramentoque</strong></span> <span class='ocrx_word' id='word_1_635' title='bbox 632 3694 785 3754; x_wconf 84' lang='lat' dir='ltr'><strong>paquarem.</strong></span> <span class='ocrx_word' id='word_1_636' title='bbox 806 3681 932 3735; x_wconf 84' lang='lat' dir='ltr'><strong>Frttetum</strong></span> <span class='ocrx_word' id='word_1_637' title='bbox 950 3683 1013 3751; x_wconf 81' lang='lat' dir='ltr'><strong>inde</strong></span> 
     </span>
     <span class='ocr_line' id='line_1_50' title="bbox 224 3750 1013 3823; baseline 0.001 -17"><span class='ocrx_word' id='word_1_638' title='bbox 224 3753 407 3822; x_wconf 87' lang='lat' dir='ltr'><strong>proiecturum</strong></span> <span class='ocrx_word' id='word_1_639' title='bbox 433 3753 621 3809; x_wconf 90' lang='lat' dir='ltr'><strong>demonstrans</strong></span> <span class='ocrx_word' id='word_1_640' title='bbox 648 3752 722 3806; x_wconf 85' lang='lat' dir='ltr'><strong>addit</strong></span> <span class='ocrx_word' id='word_1_641' title='bbox 736 3750 805 3823; x_wconf 81' lang='lat' dir='ltr'><strong>(Lib.</strong></span> <span class='ocrx_word' id='word_1_642' title='bbox 830 3750 918 3805; x_wconf 83' lang='lat' dir='ltr'><strong>Divite.</strong></span> <span class='ocrx_word' id='word_1_643' title='bbox 939 3751 1013 3821; x_wconf 74' lang='lat' dir='ltr'><strong>lite,</strong></span> 
     </span>
     <span class='ocr_line' id='line_1_51' title="bbox 224 3820 1011 3893; baseline 0.003 -18"><span class='ocrx_word' id='word_1_644' title='bbox 224 3838 283 3893; x_wconf 87' lang='lat' dir='ltr'><strong>cep.</strong></span> <span class='ocrx_word' id='word_1_645' title='bbox 295 3823 361 3893; x_wconf 77' lang='lat' dir='ltr'><strong>sut:</strong></span> <span class='ocrx_word' id='word_1_646' title='bbox 380 3824 541 3893; x_wconf 77' lang='lat' dir='ltr'><strong>scriptiones</strong></span> <span class='ocrx_word' id='word_1_647' title='bbox 556 3839 644 3876; x_wconf 88' lang='lat' dir='ltr'><strong>cerem</strong></span> <span class='ocrx_word' id='word_1_648' title='bbox 659 3832 712 3876; x_wconf 91' lang='lat' dir='ltr'><strong>toto</strong></span> <span class='ocrx_word' id='word_1_649' title='bbox 726 3820 787 3876; x_wconf 91' lang='lat' dir='ltr'><strong>orbe</strong></span> <span class='ocrx_word' id='word_1_650' title='bbox 794 3821 1011 3890; x_wconf 86' lang='lat' dir='ltr'><strong>disseminandas,</strong></span> 
     </span>
     <span class='ocr_line' id='line_1_52' title="bbox 224 3892 1011 3964; baseline 0.003 -18"><span class='ocrx_word' id='word_1_651' title='bbox 224 3900 249 3946; x_wconf 87' lang='lat' dir='ltr'><strong>ct</strong></span> <span class='ocrx_word' id='word_1_652' title='bbox 262 3893 289 3947; x_wconf 90' lang='lat' dir='ltr'><strong>in</strong></span> <span class='ocrx_word' id='word_1_653' title='bbox 304 3893 368 3949; x_wconf 90' lang='lat' dir='ltr'><strong>locis</strong></span> <span class='ocrx_word' id='word_1_654' title='bbox 379 3894 549 3947; x_wconf 86' lang='lat' dir='ltr'><strong>sanctissimis</strong></span> <span class='ocrx_word' id='word_1_655' title='bbox 569 3892 690 3964; x_wconf 81' lang='lat' dir='ltr'><strong>lependns</strong></span> <span class='ocrx_word' id='word_1_656' title='bbox 704 3900 757 3945; x_wconf 89' lang='lat' dir='ltr'><strong>lant</strong></span> <span class='ocrx_word' id='word_1_657' title='bbox 770 3893 868 3963; x_wconf 85' lang='lat' dir='ltr'><strong>inpenti</strong></span> <span class='ocrx_word' id='word_1_658' title='bbox 889 3892 1011 3958; x_wconf 87' lang='lat' dir='ltr'><strong>utilitate,</strong></span> 
     </span>
     <span class='ocr_line' id='line_1_53' title="bbox 224 3962 1014 4045; baseline 0.003 -29"><span class='ocrx_word' id='word_1_659' title='bbox 224 3977 313 4016; x_wconf 85' lang='lat' dir='ltr'><strong>curtim</strong></span> <span class='ocrx_word' id='word_1_660' title='bbox 328 3973 357 4017; x_wconf 89' lang='lat' dir='ltr'><strong>ut</strong></span> <span class='ocrx_word' id='word_1_661' title='bbox 379 3962 491 4017; x_wconf 89' lang='lat' dir='ltr'><strong>laborem</strong></span> <span class='ocrx_word' id='word_1_662' title='bbox 506 3970 576 4016; x_wconf 90' lang='lat' dir='ltr'><strong>recto</strong></span> <span class='ocrx_word' id='word_1_663' title='bbox 591 3965 613 4017; x_wconf 90' lang='lat' dir='ltr'><strong>si</strong></span> <span class='ocrx_word' id='word_1_664' title='bbox 633 3962 791 4045; x_wconf 82' lang='lat' dir='ltr'><strong>susciperent</strong></span> <span class='ocrx_word' id='word_1_665' title='bbox 805 3962 902 4021; x_wconf 86' lang='lat' dir='ltr'><strong>anima,</strong></span> <span class='ocrx_word' id='word_1_666' title='bbox 917 3979 1014 4018; x_wconf 86' lang='lat' dir='ltr'><strong>merres</strong></span> 
     </span>
     <span class='ocr_line' id='line_1_54' title="bbox 223 4030 1014 4102; baseline 0.003 -16"><span class='ocrx_word' id='word_1_667' title='bbox 223 4033 267 4086; x_wconf 82' lang='lat' dir='ltr'><strong>uia</strong></span> <span class='ocrx_word' id='word_1_668' title='bbox 278 4033 332 4087; x_wconf 91' lang='lat' dir='ltr'><strong>ulle</strong></span> <span class='ocrx_word' id='word_1_669' title='bbox 346 4042 431 4102; x_wconf 86' lang='lat' dir='ltr'><strong>posset</strong></span> <span class='ocrx_word' id='word_1_670' title='bbox 442 4048 554 4102; x_wconf 80' lang='lat' dir='ltr'><strong>equare.</strong></span> <span class='ocrx_word' id='word_1_671' title='bbox 576 4030 666 4102; x_wconf 83' lang='lat' dir='ltr'><strong>Neque</strong></span> <span class='ocrx_word' id='word_1_672' title='bbox 683 4032 884 4086; x_wconf 80' lang='lat' dir='ltr'><strong>uicissitudinem</strong></span> <span class='ocrx_word' id='word_1_673' title='bbox 895 4032 968 4086; x_wconf 89' lang='lat' dir='ltr'><strong>illum</strong></span> <span class='ocrx_word' id='word_1_674' title='bbox 980 4034 1014 4088; x_wconf 84' lang='lat' dir='ltr'><strong>ee</strong></span> 
     </span>
     <span class='ocr_line' id='line_1_55' title="bbox 224 4101 1014 4173; baseline 0.005 -19"><span class='ocrx_word' id='word_1_675' title='bbox 224 4109 262 4155; x_wconf 91' lang='lat' dir='ltr'><strong>tut</strong></span> <span class='ocrx_word' id='word_1_676' title='bbox 277 4102 408 4157; x_wconf 89' lang='lat' dir='ltr'><strong>bonisnon</strong></span> <span class='ocrx_word' id='word_1_677' title='bbox 421 4118 497 4173; x_wconf 90' lang='lat' dir='ltr'><strong>posse</strong></span> <span class='ocrx_word' id='word_1_678' title='bbox 510 4104 650 4173; x_wconf 87' lang='lat' dir='ltr'><strong>percipere,</strong></span> <span class='ocrx_word' id='word_1_679' title='bbox 663 4101 686 4155; x_wconf 84' lang='lat' dir='ltr'><strong>tri</strong></span> <span class='ocrx_word' id='word_1_680' title='bbox 699 4111 784 4156; x_wconf 87' lang='lat' dir='ltr'><strong>tamen</strong></span> <span class='ocrx_word' id='word_1_681' title='bbox 798 4118 850 4155; x_wconf 91' lang='lat' dir='ltr'><strong>non</strong></span> <span class='ocrx_word' id='word_1_682' title='bbox 864 4102 1014 4171; x_wconf 85' lang='lat' dir='ltr'><strong>cupiditatis</strong></span> 
     </span>
     <span class='ocr_line' id='line_1_56' title="bbox 225 4170 1013 4243; baseline 0.006 -20"><span class='ocrx_word' id='word_1_683' title='bbox 225 4170 333 4236; x_wconf 87' lang='lat' dir='ltr'><strong>ambitu,</strong></span> <span class='ocrx_word' id='word_1_684' title='bbox 345 4171 391 4224; x_wconf 83' lang='lat' dir='ltr'><strong>sed</strong></span> <span class='ocrx_word' id='word_1_685' title='bbox 403 4180 474 4225; x_wconf 88' lang='lat' dir='ltr'><strong>recto</strong></span> <span class='ocrx_word' id='word_1_686' title='bbox 487 4172 573 4226; x_wconf 86' lang='lat' dir='ltr'><strong>studia</strong></span> <span class='ocrx_word' id='word_1_687' title='bbox 588 4171 651 4226; x_wconf 86' lang='lat' dir='ltr'><strong>tolie</strong></span> <span class='ocrx_word' id='word_1_688' title='bbox 665 4182 787 4226; x_wconf 87' lang='lat' dir='ltr'><strong>nascatur</strong></span> <span class='ocrx_word' id='word_1_689' title='bbox 797 4172 904 4243; x_wconf 77' lang='lat' dir='ltr'><strong>efficere.</strong></span> <span class='ocrx_word' id='word_1_690' title='bbox 920 4170 954 4226; x_wconf 85' lang='lat' dir='ltr'><strong>tu</strong></span> <span class='ocrx_word' id='word_1_691' title='bbox 968 4188 1013 4229; x_wconf 91' lang='lat' dir='ltr'><strong>au·</strong></span> 
     </span>
     <span class='ocr_line' id='line_1_57' title="bbox 223 4240 1013 4312; baseline 0.006 -18"><span class='ocrx_word' id='word_1_692' title='bbox 223 4248 278 4295; x_wconf 91' lang='lat' dir='ltr'><strong>tem</strong></span> <span class='ocrx_word' id='word_1_693' title='bbox 293 4241 451 4312; x_wconf 78' lang='lat' dir='ltr'><strong>antiquariis</strong></span> <span class='ocrx_word' id='word_1_694' title='bbox 464 4240 490 4295; x_wconf 92' lang='lat' dir='ltr'><strong>id</strong></span> <span class='ocrx_word' id='word_1_695' title='bbox 504 4253 589 4309; x_wconf 88' lang='lat' dir='ltr'><strong>genus</strong></span> <span class='ocrx_word' id='word_1_696' title='bbox 600 4256 688 4312; x_wconf 78' lang='lat' dir='ltr'><strong>operte</strong></span> <span class='ocrx_word' id='word_1_697' title='bbox 701 4250 793 4312; x_wconf 87' lang='lat' dir='ltr'><strong>posset</strong></span> <span class='ocrx_word' id='word_1_698' title='bbox 803 4249 908 4296; x_wconf 83' lang='lat' dir='ltr'><strong>esroto</strong></span> <span class='ocrx_word' id='word_1_699' title='bbox 918 4258 1013 4299; x_wconf 85' lang='lat' dir='ltr'><strong>succe-</strong></span> 
     </span>
     <span class='ocr_line' id='line_1_58' title="bbox 222 4309 1013 4382; baseline 0.005 -20"><span class='ocrx_word' id='word_1_700' title='bbox 222 4309 297 4375; x_wconf 88' lang='lat' dir='ltr'><strong>dere,</strong></span> <span class='ocrx_word' id='word_1_701' title='bbox 311 4311 395 4366; x_wconf 84' lang='lat' dir='ltr'><strong>eoluit</strong></span> <span class='ocrx_word' id='word_1_702' title='bbox 409 4318 439 4365; x_wconf 92' lang='lat' dir='ltr'><strong>ut</strong></span> <span class='ocrx_word' id='word_1_703' title='bbox 453 4312 498 4381; x_wconf 90' lang='lat' dir='ltr'><strong>qni</strong></span> <span class='ocrx_word' id='word_1_704' title='bbox 513 4311 610 4367; x_wconf 84' lang='lat' dir='ltr'><strong>divinis</strong></span> <span class='ocrx_word' id='word_1_705' title='bbox 622 4319 650 4367; x_wconf 93' lang='lat' dir='ltr'><strong>et</strong></span> <span class='ocrx_word' id='word_1_706' title='bbox 664 4311 788 4367; x_wconf 88' lang='lat' dir='ltr'><strong>buntanis</strong></span> <span class='ocrx_word' id='word_1_707' title='bbox 806 4311 940 4381; x_wconf 77' lang='lat' dir='ltr'><strong>ingenium</strong></span> <span class='ocrx_word' id='word_1_708' title='bbox 964 4329 1013 4382; x_wconf 89' lang='lat' dir='ltr'><strong>ap-</strong></span> 
     </span>
     <span class='ocr_line' id='line_1_59' title="bbox 224 4380 1014 4451; baseline 0.005 -18"><span class='ocrx_word' id='word_1_709' title='bbox 224 4380 309 4450; x_wconf 90' lang='lat' dir='ltr'><strong>prime</strong></span> <span class='ocrx_word' id='word_1_710' title='bbox 320 4381 497 4437; x_wconf 84' lang='lat' dir='ltr'><strong>excoluerant</strong></span> <span class='ocrx_word' id='word_1_711' title='bbox 509 4381 625 4448; x_wconf 88' lang='lat' dir='ltr'><strong>litteris,</strong></span> <span class='ocrx_word' id='word_1_712' title='bbox 640 4382 656 4436; x_wconf 92' lang='lat' dir='ltr'><strong>ii</strong></span> <span class='ocrx_word' id='word_1_713' title='bbox 668 4382 842 4437; x_wconf 87' lang='lat' dir='ltr'><strong>scribentium</strong></span> <span class='ocrx_word' id='word_1_714' title='bbox 857 4396 938 4451; x_wconf 90' lang='lat' dir='ltr'><strong>opera</strong></span> <span class='ocrx_word' id='word_1_715' title='bbox 954 4382 1014 4439; x_wconf 89' lang='lat' dir='ltr'><strong>dili·</strong></span> 
     </span>
     <span class='ocr_line' id='line_1_60' title="bbox 222 4451 1013 4522; baseline 0.003 -17"><span class='ocrx_word' id='word_1_716' title='bbox 222 4458 319 4519; x_wconf 90' lang='lat' dir='ltr'><strong>genter</strong></span> <span class='ocrx_word' id='word_1_717' title='bbox 332 4451 515 4522; x_wconf 77' lang='lat' dir='ltr'><strong>expenderent</strong></span> <span class='ocrx_word' id='word_1_718' title='bbox 528 4452 594 4507; x_wconf 88' lang='lat' dir='ltr'><strong>casti</strong></span> <span class='ocrx_word' id='word_1_719' title='bbox 615 4459 755 4520; x_wconf 88' lang='lat' dir='ltr'><strong>arentque,</strong></span> <span class='ocrx_word' id='word_1_720' title='bbox 770 4451 793 4506; x_wconf 88' lang='lat' dir='ltr'><strong>si</strong></span> <span class='ocrx_word' id='word_1_721' title='bbox 807 4451 870 4519; x_wconf 90' lang='lat' dir='ltr'><strong>quid</strong></span> <span class='ocrx_word' id='word_1_722' title='bbox 881 4451 1013 4508; x_wconf 80' lang='lat' dir='ltr'><strong>forteritii</strong></span> 
     </span>
     <span class='ocr_line' id='line_1_61' title="bbox 223 4466 613 4577; baseline 0.008 -4"><span class='ocrx_word' id='word_1_723' title='bbox 223 4520 376 4577; x_wconf 88' lang='lat' dir='ltr'><strong>nolentibus</strong></span> <span class='ocrx_word' id='word_1_724' title='bbox 399 4521 565 4577; x_wconf 82' lang='lat' dir='ltr'><strong>excidisset:</strong></span> <span class='ocrx_word' id='word_1_725' title='bbox 589 4466 613 4576; x_wconf 51' lang='lat' dir='ltr'><strong>X</strong></span> 
     </span>
     <span class='ocr_line' id='line_1_62' title="bbox 224 4588 1015 4663; baseline 0.005 -20"><span class='ocrx_word' id='word_1_726' title='bbox 224 4588 302 4656; x_wconf 78' lang='lat' dir='ltr'><strong>titt,</strong></span> <span class='ocrx_word' id='word_1_727' title='bbox 316 4607 375 4660; x_wconf 89' lang='lat' dir='ltr'><strong>cup.</strong></span> <span class='ocrx_word' id='word_1_728' title='bbox 388 4589 443 4657; x_wconf 76' lang='lat' dir='ltr'><strong>tbi,</strong></span> <span class='ocrx_word' id='word_1_729' title='bbox 461 4591 593 4663; x_wconf 84' lang='lat' dir='ltr'><strong>doctisque</strong></span> <span class='ocrx_word' id='word_1_730' title='bbox 606 4592 809 4662; x_wconf 74' lang='lat' dir='ltr'><strong>faciendumst,</strong></span> <span class='ocrx_word' id='word_1_731' title='bbox 825 4592 894 4663; x_wconf 83' lang='lat' dir='ltr'><strong>quael</strong></span> <span class='ocrx_word' id='word_1_732' title='bbox 903 4594 1015 4661; x_wconf 86' lang='lat' dir='ltr'><strong>simplici</strong></span> 
     </span>
     <span class='ocr_line' id='line_1_63' title="bbox 221 4660 1014 4734; baseline 0.005 -20"><span class='ocrx_word' id='word_1_733' title='bbox 221 4668 248 4714; x_wconf 87' lang='lat' dir='ltr'><strong>ct</strong></span> <span class='ocrx_word' id='word_1_734' title='bbox 260 4663 345 4714; x_wconf 84' lang='lat' dir='ltr'><strong>tatinus</strong></span> <span class='ocrx_word' id='word_1_735' title='bbox 355 4660 661 4734; x_wconf 82' lang='lat' dir='ltr'><strong>cruditoecartpccpetiom&#39;</strong></span> <span class='ocrx_word' id='word_1_736' title='bbox 671 4663 787 4716; x_wconf 88' lang='lat' dir='ltr'><strong>noscitur</strong></span> <span class='ocrx_word' id='word_1_737' title='bbox 797 4679 853 4716; x_wconf 93' lang='lat' dir='ltr'><strong>esse</strong></span> <span class='ocrx_word' id='word_1_738' title='bbox 862 4679 1014 4731; x_wconf 75' lang='lat' dir='ltr'><strong>preceperun-</strong></span> 
     </span>
     <span class='ocr_line' id='line_1_64' title="bbox 225 4728 1012 4803; baseline 0.006 -20"><span class='ocrx_word' id='word_1_739' title='bbox 225 4728 297 4785; x_wconf 79' lang='lat' dir='ltr'><strong>dum.</strong></span> <span class='ocrx_word' id='word_1_740' title='bbox 313 4728 390 4784; x_wconf 82' lang='lat' dir='ltr'><strong>istud</strong></span> <span class='ocrx_word' id='word_1_741' title='bbox 411 4732 504 4802; x_wconf 87' lang='lat' dir='ltr'><strong>quippe</strong></span> <span class='ocrx_word' id='word_1_742' title='bbox 523 4749 603 4803; x_wconf 84' lang='lat' dir='ltr'><strong>perrns</strong></span> <span class='ocrx_word' id='word_1_743' title='bbox 615 4732 817 4795; x_wconf 84' lang='lat' dir='ltr'><strong>emendationis,</strong></span> <span class='ocrx_word' id='word_1_744' title='bbox 842 4741 871 4785; x_wconf 91' lang='lat' dir='ltr'><strong>et</strong></span> <span class='ocrx_word' id='word_1_745' title='bbox 888 4732 1012 4799; x_wconf 88' lang='lat' dir='ltr'><strong>arbitror,</strong></span> 
     </span>
     <span class='ocr_line' id='line_1_65' title="bbox 222 4799 1013 4870; baseline 0.004 -16"><span class='ocrx_word' id='word_1_746' title='bbox 222 4799 298 4854; x_wconf 81' lang='lat' dir='ltr'><strong>mter</strong></span> <span class='ocrx_word' id='word_1_747' title='bbox 321 4799 522 4870; x_wconf 88' lang='lat' dir='ltr'><strong>pulclterrimunt</strong></span> <span class='ocrx_word' id='word_1_748' title='bbox 543 4809 592 4866; x_wconf 90' lang='lat' dir='ltr'><strong>est,</strong></span> <span class='ocrx_word' id='word_1_749' title='bbox 605 4810 629 4856; x_wconf 93' lang='lat' dir='ltr'><strong>et</strong></span> <span class='ocrx_word' id='word_1_750' title='bbox 648 4802 856 4856; x_wconf 86' lang='lat' dir='ltr'><strong>doctissimorum</strong></span> <span class='ocrx_word' id='word_1_751' title='bbox 883 4801 1013 4857; x_wconf 86' lang='lat' dir='ltr'><strong>bantinum</strong></span> 
     </span>
     <span class='ocr_line' id='line_1_66' title="bbox 223 4870 1012 4942; baseline 0.006 -19"><span class='ocrx_word' id='word_1_752' title='bbox 223 4870 353 4942; x_wconf 84' lang='lat' dir='ltr'><strong>nepotiem</strong></span> <span class='ocrx_word' id='word_1_753' title='bbox 380 4871 533 4942; x_wconf 84' lang='lat' dir='ltr'><strong>placiacum.</strong></span> <span class='ocrx_word' id='word_1_754' title='bbox 556 4871 657 4925; x_wconf 73' lang='lat' dir='ltr'><strong>birtine</strong></span> <span class='ocrx_word' id='word_1_755' title='bbox 673 4871 843 4926; x_wconf 88' lang='lat' dir='ltr'><strong>auctoritatis</strong></span> <span class='ocrx_word' id='word_1_756' title='bbox 860 4870 1012 4928; x_wconf 90' lang='lat' dir='ltr'><strong>locutiones</strong></span> 
     </span>
     <span class='ocr_line' id='line_1_67' title="bbox 222 4939 1012 5010; baseline 0.008 -17"><span class='ocrx_word' id='word_1_757' title='bbox 222 4939 389 4995; x_wconf 83' lang='lat' dir='ltr'><strong>dictionesre</strong></span> <span class='ocrx_word' id='word_1_758' title='bbox 401 4939 527 4995; x_wconf 79' lang='lat' dir='ltr'><strong>tteoreas</strong></span> <span class='ocrx_word' id='word_1_759' title='bbox 539 4942 619 4996; x_wconf 89' lang='lat' dir='ltr'><strong>rebus</strong></span> <span class='ocrx_word' id='word_1_760' title='bbox 627 4951 673 4997; x_wconf 88' lang='lat' dir='ltr'><strong>ant</strong></span> <span class='ocrx_word' id='word_1_761' title='bbox 686 4942 809 5010; x_wconf 87' lang='lat' dir='ltr'><strong>personis</strong></span> <span class='ocrx_word' id='word_1_762' title='bbox 819 4943 1012 4999; x_wconf 84' lang='lat' dir='ltr'><strong>conuenientes</strong></span> 
     </span>
     <span class='ocr_line' id='line_1_68' title="bbox 221 5010 1012 5082; baseline 0.004 -18"><span class='ocrx_word' id='word_1_763' title='bbox 221 5010 320 5078; x_wconf 92' lang='lat' dir='ltr'><strong>quibus</strong></span> <span class='ocrx_word' id='word_1_764' title='bbox 330 5010 490 5079; x_wconf 71' lang='lat' dir='ltr'><strong>linguaesuae</strong></span> <span class='ocrx_word' id='word_1_765' title='bbox 499 5010 628 5065; x_wconf 86' lang='lat' dir='ltr'><strong>servanda</strong></span> <span class='ocrx_word' id='word_1_766' title='bbox 643 5020 686 5066; x_wconf 89' lang='lat' dir='ltr'><strong>est</strong></span> <span class='ocrx_word' id='word_1_767' title='bbox 698 5011 794 5067; x_wconf 74' lang='lat' dir='ltr'><strong>tteeara</strong></span> <span class='ocrx_word' id='word_1_768' title='bbox 805 5011 957 5082; x_wconf 83' lang='lat' dir='ltr'><strong>sinceritas,</strong></span> <span class='ocrx_word' id='word_1_769' title='bbox 966 5023 1012 5067; x_wconf 89' lang='lat' dir='ltr'><strong>aut</strong></span> 
     </span>
     <span class='ocr_line' id='line_1_69' title="bbox 222 5080 1012 5205; baseline 0.005 -71"><span class='ocrx_word' id='word_1_770' title='bbox 222 5080 334 5149; x_wconf 84' lang='lat' dir='ltr'><strong>majoris</strong></span> <span class='ocrx_word' id='word_1_771' title='bbox 347 5081 555 5205; x_wconf 59' lang='lat' dir='ltr'><strong>perspicuitatis,</strong></span> <span class='ocrx_word' id='word_1_772' title='bbox 571 5090 618 5135; x_wconf 88' lang='lat' dir='ltr'><strong>aut</strong></span> <span class='ocrx_word' id='word_1_773' title='bbox 633 5080 776 5149; x_wconf 87' lang='lat' dir='ltr'><strong>cujuslibet</strong></span> <span class='ocrx_word' id='word_1_774' title='bbox 789 5081 827 5135; x_wconf 92' lang='lat' dir='ltr'><strong>rei</strong></span> <span class='ocrx_word' id='word_1_775' title='bbox 838 5081 948 5136; x_wconf 88' lang='lat' dir='ltr'><strong>alterins</strong></span> <span class='ocrx_word' id='word_1_776' title='bbox 961 5085 1012 5138; x_wconf 93' lang='lat' dir='ltr'><strong>ob-</strong></span> 
     </span>
     <span class='ocr_line' id='line_1_70' title="bbox 223 5150 1014 5223; baseline 0.006 -20"><span class='ocrx_word' id='word_1_777' title='bbox 223 5158 298 5206; x_wconf 90' lang='lat' dir='ltr'><strong>tentu</strong></span> <span class='ocrx_word' id='word_1_778' title='bbox 313 5166 347 5206; x_wconf 90' lang='lat' dir='ltr'><strong>no</strong></span> <span class='ocrx_word' id='word_1_779' title='bbox 359 5153 420 5206; x_wconf 91' lang='lat' dir='ltr'><strong>ebat</strong></span> <span class='ocrx_word' id='word_1_780' title='bbox 434 5152 568 5206; x_wconf 91' lang='lat' dir='ltr'><strong>immutari</strong></span> <span class='ocrx_word' id='word_1_781' title='bbox 578 5169 586 5206; x_wconf 91' lang='grc'><strong>.·</strong></span> <span class='ocrx_word' id='word_1_782' title='bbox 595 5150 731 5222; x_wconf 74' lang='lat' dir='ltr'><strong>corrumpi</strong></span> <span class='ocrx_word' id='word_1_783' title='bbox 748 5152 873 5223; x_wconf 82' lang='lat' dir='ltr'><strong>siquidem</strong></span> <span class='ocrx_word' id='word_1_784' title='bbox 886 5163 1014 5223; x_wconf 80' lang='lat' dir='ltr'><strong>nequirent</strong></span> 
     </span>
     <span class='ocr_line' id='line_1_71' title="bbox 240 5218 1010 5293; baseline 0.01 -23"><span class='ocrx_word' id='word_1_785' title='bbox 240 5237 280 5275; x_wconf 88' lang='lat' dir='ltr'><strong>ure</strong></span> <span class='ocrx_word' id='word_1_786' title='bbox 305 5222 450 5291; x_wconf 82' lang='lat' dir='ltr'><strong>inspirante</strong></span> <span class='ocrx_word' id='word_1_787' title='bbox 475 5218 588 5277; x_wconf 88' lang='lat' dir='ltr'><strong>Domina</strong></span> <span class='ocrx_word' id='word_1_788' title='bbox 612 5224 682 5276; x_wconf 88' lang='lat' dir='ltr'><strong>dicte</strong></span> <span class='ocrx_word' id='word_1_789' title='bbox 708 5232 847 5277; x_wconf 86' lang='lat' dir='ltr'><strong>noscuntur</strong></span> <span class='ocrx_word' id='word_1_790' title='bbox 875 5221 1010 5293; x_wconf 72' lang='lat' dir='ltr'><strong>(ibidem).</strong></span> 
     </span>
     <span class='ocr_line' id='line_1_72' title="bbox 222 5237 1012 5363; baseline 0.005 -19"><span class='ocrx_word' id='word_1_791' title='bbox 222 5237 301 5345; x_wconf 45' lang='lat' dir='ltr'><strong>Vinia</strong></span> <span class='ocrx_word' id='word_1_792' title='bbox 321 5290 471 5360; x_wconf 88' lang='lat' dir='ltr'><strong>iacilcquis</strong></span> <span class='ocrx_word' id='word_1_793' title='bbox 492 5292 637 5361; x_wconf 89' lang='lat' dir='ltr'><strong>intelligat,</strong></span> <span class='ocrx_word' id='word_1_794' title='bbox 665 5308 717 5363; x_wconf 89' lang='lat' dir='ltr'><strong>qua</strong></span> <span class='ocrx_word' id='word_1_795' title='bbox 743 5293 933 5358; x_wconf 85' lang='lat' dir='ltr'><strong>ueneratione,</strong></span> <span class='ocrx_word' id='word_1_796' title='bbox 958 5310 1012 5362; x_wconf 94' lang='lat' dir='ltr'><strong>quo</strong></span> 
     </span>
     <span class='ocr_line' id='line_1_73' title="bbox 223 5361 1012 5432; baseline 0.005 -18"><span class='ocrx_word' id='word_1_797' title='bbox 223 5373 305 5415; x_wconf 85' lang='lat' dir='ltr'><strong>sensu</strong></span> <span class='ocrx_word' id='word_1_798' title='bbox 320 5361 427 5430; x_wconf 87' lang='lat' dir='ltr'><strong>pietatis</strong></span> <span class='ocrx_word' id='word_1_799' title='bbox 442 5377 534 5417; x_wconf 86' lang='lat' dir='ltr'><strong>sacras</strong></span> <span class='ocrx_word' id='word_1_800' title='bbox 545 5363 820 5432; x_wconf 88' lang='lat' dir='ltr'><strong>paginastraetandas</strong></span> <span class='ocrx_word' id='word_1_801' title='bbox 832 5378 891 5417; x_wconf 87' lang='lat' dir='ltr'><strong>esse</strong></span> <span class='ocrx_word' id='word_1_802' title='bbox 905 5363 1012 5418; x_wconf 77' lang='lat' dir='ltr'><strong>duxerit</strong></span> 
     </span>
     <span class='ocr_line' id='line_1_74' title="bbox 223 5430 1010 5505; baseline 0.008 -22"><span class='ocrx_word' id='word_1_803' title='bbox 223 5430 412 5495; x_wconf 83' lang='lat' dir='ltr'><strong>Cassiodonrs;</strong></span> <span class='ocrx_word' id='word_1_804' title='bbox 428 5446 488 5500; x_wconf 74' lang='lat' dir='ltr'><strong>quea</strong></span> <span class='ocrx_word' id='word_1_805' title='bbox 499 5441 528 5487; x_wconf 90' lang='lat' dir='ltr'><strong>ut</strong></span> <span class='ocrx_word' id='word_1_806' title='bbox 540 5449 587 5486; x_wconf 92' lang='lat' dir='ltr'><strong>suo</strong></span> <span class='ocrx_word' id='word_1_807' title='bbox 599 5432 699 5505; x_wconf 72' lang='lat' dir='ltr'><strong>sulpure</strong></span> <span class='ocrx_word' id='word_1_808' title='bbox 708 5434 817 5495; x_wconf 88' lang='lat' dir='ltr'><strong>niteant,</strong></span> <span class='ocrx_word' id='word_1_809' title='bbox 830 5451 881 5488; x_wconf 91' lang='lat' dir='ltr'><strong>nan</strong></span> <span class='ocrx_word' id='word_1_810' title='bbox 897 5433 1010 5489; x_wconf 85' lang='lat' dir='ltr'><strong>bumana</strong></span> 
     </span>
     <span class='ocr_line' id='line_1_75' title="bbox 222 5499 1011 5574; baseline 0.011 -24"><span class='ocrx_word' id='word_1_811' title='bbox 222 5499 352 5553; x_wconf 87' lang='lat' dir='ltr'><strong>desideria</strong></span> <span class='ocrx_word' id='word_1_812' title='bbox 377 5502 513 5573; x_wconf 84' lang='lat' dir='ltr'><strong>carpendae</strong></span> <span class='ocrx_word' id='word_1_813' title='bbox 534 5502 693 5574; x_wconf 77' lang='lat' dir='ltr'><strong>subjaceant,</strong></span> <span class='ocrx_word' id='word_1_814' title='bbox 722 5520 773 5574; x_wconf 86' lang='lat' dir='ltr'><strong>par</strong></span> <span class='ocrx_word' id='word_1_815' title='bbox 795 5518 855 5560; x_wconf 82' lang='lat' dir='ltr'><strong>esse</strong></span> <span class='ocrx_word' id='word_1_816' title='bbox 879 5511 939 5559; x_wconf 90' lang='lat' dir='ltr'><strong>tatu</strong></span> <span class='ocrx_word' id='word_1_817' title='bbox 965 5520 1011 5559; x_wconf 84' lang='lat' dir='ltr'><strong>ea·</strong></span> 
     </span>
     <span class='ocr_line' id='line_1_76' title="bbox 224 5568 1012 5652; baseline 0.009 -29"><span class='ocrx_word' id='word_1_818' title='bbox 224 5570 280 5640; x_wconf 91' lang='lat' dir='ltr'><strong>pite</strong></span> <span class='ocrx_word' id='word_1_819' title='bbox 296 5568 404 5624; x_wconf 78' lang='lat' dir='ltr'><strong>bilibri</strong></span> <span class='ocrx_word' id='word_1_820' title='bbox 423 5572 457 5652; x_wconf 80' lang='lat' dir='ltr'><strong>de</strong></span> <span class='ocrx_word' id='word_1_821' title='bbox 478 5571 578 5628; x_wconf 78' lang='lat' dir='ltr'><strong>Divinis</strong></span> <span class='ocrx_word' id='word_1_822' title='bbox 602 5572 711 5629; x_wconf 81' lang='lat' dir='ltr'><strong>Litteris</strong></span> <span class='ocrx_word' id='word_1_823' title='bbox 731 5573 1012 5645; x_wconf 69' lang='lat' dir='ltr'><strong>demonstrandaque</strong></span> 
     </span>
     <span class='ocr_line' id='line_1_77' title="bbox 225 5642 1011 5713; baseline 0.01 -22"><span class='ocrx_word' id='word_1_824' title='bbox 225 5648 253 5691; x_wconf 91' lang='lat' dir='ltr'><strong>ut</strong></span> <span class='ocrx_word' id='word_1_825' title='bbox 265 5655 348 5709; x_wconf 88' lang='lat' dir='ltr'><strong>opera</strong></span> <span class='ocrx_word' id='word_1_826' title='bbox 362 5655 410 5695; x_wconf 89' lang='lat' dir='ltr'><strong>sua</strong></span> <span class='ocrx_word' id='word_1_827' title='bbox 423 5651 530 5709; x_wconf 68' lang='lat' dir='ltr'><strong>iuraret</strong></span> <span class='ocrx_word' id='word_1_828' title='bbox 543 5642 698 5713; x_wconf 90' lang='lat' dir='ltr'><strong>discipulus,</strong></span> <span class='ocrx_word' id='word_1_829' title='bbox 715 5646 925 5701; x_wconf 87' lang='lat' dir='ltr'><strong>corrrruentarios</strong></span> <span class='ocrx_word' id='word_1_830' title='bbox 944 5647 1011 5700; x_wconf 86' lang='lat' dir='ltr'><strong>seri-</strong></span> 
     </span>
     <span class='ocr_line' id='line_1_78' title="bbox 224 5709 1012 5778; baseline 0.008 -15"><span class='ocrx_word' id='word_1_831' title='bbox 224 5709 278 5778; x_wconf 64' lang='lat' dir='ltr'><strong>psit</strong></span> <span class='ocrx_word' id='word_1_832' title='bbox 288 5710 313 5764; x_wconf 91' lang='lat' dir='ltr'><strong>in</strong></span> <span class='ocrx_word' id='word_1_833' title='bbox 326 5710 457 5764; x_wconf 83' lang='lat' dir='ltr'><strong>Donatum</strong></span> <span class='ocrx_word' id='word_1_834' title='bbox 472 5710 693 5778; x_wconf 86' lang='lat' dir='ltr'><strong>Grammatieum,</strong></span> <span class='ocrx_word' id='word_1_835' title='bbox 707 5731 739 5769; x_wconf 90' lang='lat' dir='ltr'><strong>ae</strong></span> <span class='ocrx_word' id='word_1_836' title='bbox 757 5715 854 5770; x_wconf 87' lang='lat' dir='ltr'><strong>librum</strong></span> <span class='ocrx_word' id='word_1_837' title='bbox 866 5715 899 5770; x_wconf 90' lang='lat' dir='ltr'><strong>de</strong></span> <span class='ocrx_word' id='word_1_838' title='bbox 912 5714 1012 5769; x_wconf 79' lang='lat' dir='ltr'><strong>(letbo-</strong></span> 
     </span>
     <span class='ocr_line' id='line_1_79' title="bbox 224 5780 1011 5856; baseline 0.005 -21"><span class='ocrx_word' id='word_1_839' title='bbox 224 5780 345 5851; x_wconf 83' lang='lat' dir='ltr'><strong>grapbia,</strong></span> <span class='ocrx_word' id='word_1_840' title='bbox 360 5793 475 5849; x_wconf 89' lang='lat' dir='ltr'><strong>querunt</strong></span> <span class='ocrx_word' id='word_1_841' title='bbox 488 5798 541 5853; x_wconf 89' lang='lat' dir='ltr'><strong>ope</strong></span> <span class='ocrx_word' id='word_1_842' title='bbox 550 5784 588 5840; x_wconf 90' lang='lat' dir='ltr'><strong>sic</strong></span> <span class='ocrx_word' id='word_1_843' title='bbox 600 5785 734 5840; x_wconf 89' lang='lat' dir='ltr'><strong>crnemlati</strong></span> <span class='ocrx_word' id='word_1_844' title='bbox 746 5785 884 5856; x_wconf 85' lang='lat' dir='ltr'><strong>prodirent</strong></span> <span class='ocrx_word' id='word_1_845' title='bbox 896 5787 1011 5854; x_wconf 87' lang='lat' dir='ltr'><strong>codices,</strong></span> 
     </span>
    </p>
   </div>
   <div class='ocr_carea' id='block_1_6' title="bbox 1063 3611 1861 4525">
    <p class='ocr_par' dir='ltr' id='par_1_6' title="bbox 1063 3611 1861 4453">
     <span class='ocr_line' id='line_1_80' title="bbox 1101 3611 1858 3686; baseline 0.001 -19"><span class='ocrx_word' id='word_1_846' title='bbox 1101 3613 1115 3686; x_wconf 80' lang='lat'><strong>§</strong></span> <span class='ocrx_word' id='word_1_847' title='bbox 1137 3611 1242 3667; x_wconf 79' lang='lat' dir='ltr'><strong>XXXV.</strong></span> <span class='ocrx_word' id='word_1_848' title='bbox 1264 3612 1411 3669; x_wconf 81' lang='lat' dir='ltr'><strong>Cassioderi</strong></span> <span class='ocrx_word' id='word_1_849' title='bbox 1443 3612 1562 3667; x_wconf 85' lang='lat' dir='ltr'><strong>rederttie</strong></span> <span class='ocrx_word' id='word_1_850' title='bbox 1577 3616 1602 3668; x_wconf 90' lang='lat' dir='ltr'><strong>in</strong></span> <span class='ocrx_word' id='word_1_851' title='bbox 1618 3613 1736 3685; x_wconf 84' lang='lat' dir='ltr'><strong>operibus</strong></span> <span class='ocrx_word' id='word_1_852' title='bbox 1749 3613 1858 3668; x_wconf 88' lang='lat' dir='ltr'><strong>unicui-</strong></span> 
     </span>
     <span class='ocr_line' id='line_1_81' title="bbox 1063 3681 1859 3755; baseline 0.003 -18"><span class='ocrx_word' id='word_1_853' title='bbox 1063 3700 1111 3755; x_wconf 86' lang='lat' dir='ltr'><strong>qae</strong></span> <span class='ocrx_word' id='word_1_854' title='bbox 1124 3700 1229 3738; x_wconf 91' lang='lat' dir='ltr'><strong>suorum</strong></span> <span class='ocrx_word' id='word_1_855' title='bbox 1241 3681 1394 3737; x_wconf 84' lang='lat' dir='ltr'><strong>indicendis.</strong></span> <span class='ocrx_word' id='word_1_856' title='bbox 1432 3691 1518 3738; x_wconf 83' lang='lat' dir='ltr'><strong>tustra</strong></span> <span class='ocrx_word' id='word_1_857' title='bbox 1533 3699 1698 3739; x_wconf 87' lang='lat' dir='ltr'><strong>uturaremur</strong></span> <span class='ocrx_word' id='word_1_858' title='bbox 1708 3683 1782 3738; x_wconf 88' lang='lat' dir='ltr'><strong>bicin</strong></span> <span class='ocrx_word' id='word_1_859' title='bbox 1794 3684 1859 3752; x_wconf 83' lang='lat' dir='ltr'><strong>ejus</strong></span> 
     </span>
     <span class='ocr_line' id='line_1_82' title="bbox 1064 3753 1858 3825; baseline 0.001 -18"><span class='ocrx_word' id='word_1_860' title='bbox 1064 3769 1117 3825; x_wconf 90' lang='lat' dir='ltr'><strong>qua</strong></span> <span class='ocrx_word' id='word_1_861' title='bbox 1129 3753 1284 3808; x_wconf 73' lang='lat' dir='ltr'><strong>vivariense</strong></span> <span class='ocrx_word' id='word_1_862' title='bbox 1298 3754 1449 3809; x_wconf 72' lang='lat' dir='ltr'><strong>coenobium</strong></span> <span class='ocrx_word' id='word_1_863' title='bbox 1462 3754 1615 3821; x_wconf 82' lang='lat' dir='ltr'><strong>regebatur,</strong></span> <span class='ocrx_word' id='word_1_864' title='bbox 1626 3754 1774 3824; x_wconf 67' lang='lat' dir='ltr'><strong>prudentias</strong></span> <span class='ocrx_word' id='word_1_865' title='bbox 1783 3755 1858 3823; x_wconf 77' lang='lat' dir='ltr'><strong>eius,</strong></span> 
     </span>
     <span class='ocr_line' id='line_1_83' title="bbox 1063 3822 1859 3894; baseline 0.001 -16"><span class='ocrx_word' id='word_1_866' title='bbox 1063 3837 1118 3892; x_wconf 90' lang='lat' dir='ltr'><strong>quo</strong></span> <span class='ocrx_word' id='word_1_867' title='bbox 1133 3839 1176 3879; x_wconf 86' lang='lat' dir='ltr'><strong>res</strong></span> <span class='ocrx_word' id='word_1_868' title='bbox 1190 3823 1316 3894; x_wconf 87' lang='lat' dir='ltr'><strong>quaelibet</strong></span> <span class='ocrx_word' id='word_1_869' title='bbox 1327 3832 1390 3893; x_wconf 91' lang='lat' dir='ltr'><strong>apte</strong></span> <span class='ocrx_word' id='word_1_870' title='bbox 1411 3822 1633 3893; x_wconf 87' lang='lat' dir='ltr'><strong>disponebantur,</strong></span> <span class='ocrx_word' id='word_1_871' title='bbox 1658 3824 1759 3879; x_wconf 89' lang='lat' dir='ltr'><strong>ordinis</strong></span> <span class='ocrx_word' id='word_1_872' title='bbox 1786 3840 1859 3879; x_wconf 89' lang='lat' dir='ltr'><strong>corr-</strong></span> 
     </span>
     <span class='ocr_line' id='line_1_84' title="bbox 1064 3893 1856 3965; baseline 0.005 -18"><span class='ocrx_word' id='word_1_873' title='bbox 1064 3893 1249 3965; x_wconf 88' lang='lat' dir='ltr'><strong>templatiune.</strong></span> <span class='ocrx_word' id='word_1_874' title='bbox 1271 3894 1416 3949; x_wconf 86' lang='lat' dir='ltr'><strong>Possumus</strong></span> <span class='ocrx_word' id='word_1_875' title='bbox 1438 3894 1563 3948; x_wconf 90' lang='lat' dir='ltr'><strong>admirari</strong></span> <span class='ocrx_word' id='word_1_876' title='bbox 1589 3894 1767 3960; x_wconf 76' lang='lat' dir='ltr'><strong>indefessam,</strong></span> <span class='ocrx_word' id='word_1_877' title='bbox 1797 3910 1856 3964; x_wconf 89' lang='lat' dir='ltr'><strong>qua</strong></span> 
     </span>
     <span class='ocr_line' id='line_1_85' title="bbox 1064 3961 1859 4035; baseline 0.003 -17"><span class='ocrx_word' id='word_1_878' title='bbox 1064 3964 1175 4033; x_wconf 84' lang='lat' dir='ltr'><strong>singulis</strong></span> <span class='ocrx_word' id='word_1_879' title='bbox 1189 3979 1239 4035; x_wconf 88' lang='lat' dir='ltr'><strong>pro</strong></span> <span class='ocrx_word' id='word_1_880' title='bbox 1253 3963 1382 4034; x_wconf 82' lang='lat' dir='ltr'><strong>cujusque</strong></span> <span class='ocrx_word' id='word_1_881' title='bbox 1393 3961 1523 4018; x_wconf 86' lang='lat' dir='ltr'><strong>industrie</strong></span> <span class='ocrx_word' id='word_1_882' title='bbox 1538 3975 1564 4019; x_wconf 91' lang='lat' dir='ltr'><strong>et</strong></span> <span class='ocrx_word' id='word_1_883' title='bbox 1579 3963 1680 4019; x_wconf 84' lang='lat' dir='ltr'><strong>viribus</strong></span> <span class='ocrx_word' id='word_1_884' title='bbox 1692 3970 1859 4034; x_wconf 84' lang='lat' dir='ltr'><strong>perrsnntln-</strong></span> 
     </span>
     <span class='ocr_line' id='line_1_86' title="bbox 1063 4033 1858 4158; baseline 0.004 -71"><span class='ocrx_word' id='word_1_885' title='bbox 1063 4034 1172 4089; x_wconf 89' lang='lat' dir='ltr'><strong>dicebat</strong></span> <span class='ocrx_word' id='word_1_886' title='bbox 1200 4033 1283 4089; x_wconf 86' lang='lat' dir='ltr'><strong>abbas</strong></span> <span class='ocrx_word' id='word_1_887' title='bbox 1308 4034 1533 4102; x_wconf 88' lang='lat' dir='ltr'><strong>sapientissimus,</strong></span> <span class='ocrx_word' id='word_1_888' title='bbox 1564 4035 1733 4104; x_wconf 90' lang='lat' dir='ltr'><strong>prudentiam</strong></span> <span class='ocrx_word' id='word_1_889' title='bbox 1760 4035 1858 4158; x_wconf 64' lang='lat' dir='ltr'><strong>eloqui</strong></span> 
     </span>
     <span class='ocr_line' id='line_1_87' title="bbox 1064 4102 1856 4174; baseline 0.003 -16"><span class='ocrx_word' id='word_1_890' title='bbox 1064 4120 1118 4159; x_wconf 93' lang='lat' dir='ltr'><strong>nun</strong></span> <span class='ocrx_word' id='word_1_891' title='bbox 1132 4119 1284 4174; x_wconf 76' lang='lat' dir='ltr'><strong>possumus.</strong></span> <span class='ocrx_word' id='word_1_892' title='bbox 1301 4102 1393 4159; x_wconf 87' lang='lat' dir='ltr'><strong>Nullus</strong></span> <span class='ocrx_word' id='word_1_893' title='bbox 1404 4103 1590 4159; x_wconf 78' lang='lat' dir='ltr'><strong>resolvebatur</strong></span> <span class='ocrx_word' id='word_1_894' title='bbox 1603 4105 1676 4171; x_wconf 92' lang='lat' dir='ltr'><strong>otio;</strong></span> <span class='ocrx_word' id='word_1_895' title='bbox 1698 4104 1798 4160; x_wconf 89' lang='lat' dir='ltr'><strong>iractus</strong></span> <span class='ocrx_word' id='word_1_896' title='bbox 1848 4137 1856 4147; x_wconf 91' lang='lat'><strong>·</strong></span> 
     </span>
     <span class='ocr_line' id='line_1_88' title="bbox 1064 4173 1860 4237; baseline 0.003 -8"><span class='ocrx_word' id='word_1_897' title='bbox 1064 4174 1132 4229; x_wconf 91' lang='lat' dir='ltr'><strong>bore</strong></span> <span class='ocrx_word' id='word_1_898' title='bbox 1150 4173 1293 4229; x_wconf 80' lang='lat' dir='ltr'><strong>deficiebat</strong></span> <span class='ocrx_word' id='word_1_899' title='bbox 1315 4174 1422 4237; x_wconf 87' lang='lat' dir='ltr'><strong>nullus,</strong></span> <span class='ocrx_word' id='word_1_900' title='bbox 1437 4174 1544 4237; x_wconf 87' lang='lat' dir='ltr'><strong>nullius,</strong></span> <span class='ocrx_word' id='word_1_901' title='bbox 1567 4189 1627 4229; x_wconf 93' lang='lat' dir='ltr'><strong>cum</strong></span> <span class='ocrx_word' id='word_1_902' title='bbox 1651 4189 1681 4230; x_wconf 92' lang='lat' dir='ltr'><strong>sc</strong></span> <span class='ocrx_word' id='word_1_903' title='bbox 1695 4174 1727 4230; x_wconf 87' lang='lat' dir='ltr'><strong>ad</strong></span> <span class='ocrx_word' id='word_1_904' title='bbox 1748 4174 1860 4231; x_wconf 89' lang='lat' dir='ltr'><strong>abbatis</strong></span> 
     </span>
     <span class='ocr_line' id='line_1_89' title="bbox 1064 4242 1860 4314; baseline 0 -15"><span class='ocrx_word' id='word_1_905' title='bbox 1064 4243 1217 4312; x_wconf 83' lang='lat' dir='ltr'><strong>erernplum</strong></span> <span class='ocrx_word' id='word_1_906' title='bbox 1242 4252 1432 4314; x_wconf 90' lang='lat' dir='ltr'><strong>componeret,</strong></span> <span class='ocrx_word' id='word_1_907' title='bbox 1457 4259 1510 4298; x_wconf 91' lang='lat' dir='ltr'><strong>uon</strong></span> <span class='ocrx_word' id='word_1_908' title='bbox 1526 4242 1648 4299; x_wconf 81' lang='lat' dir='ltr'><strong>irruebat</strong></span> <span class='ocrx_word' id='word_1_909' title='bbox 1662 4259 1743 4314; x_wconf 90' lang='lat' dir='ltr'><strong>opus;</strong></span> <span class='ocrx_word' id='word_1_910' title='bbox 1764 4244 1860 4299; x_wconf 91' lang='lat' dir='ltr'><strong>nullus</strong></span> 
     </span>
     <span class='ocr_line' id='line_1_90' title="bbox 1064 4314 1861 4384; baseline 0.001 -16"><span class='ocrx_word' id='word_1_911' title='bbox 1064 4329 1126 4369; x_wconf 86' lang='lat' dir='ltr'><strong>euru</strong></span> <span class='ocrx_word' id='word_1_912' title='bbox 1140 4314 1244 4368; x_wconf 91' lang='lat' dir='ltr'><strong>abbatis</strong></span> <span class='ocrx_word' id='word_1_913' title='bbox 1266 4322 1398 4384; x_wconf 71' lang='lat' dir='ltr'><strong>praecepta</strong></span> <span class='ocrx_word' id='word_1_914' title='bbox 1416 4323 1591 4383; x_wconf 87' lang='lat' dir='ltr'><strong>sequeretur,</strong></span> <span class='ocrx_word' id='word_1_915' title='bbox 1606 4330 1664 4369; x_wconf 90' lang='lat' dir='ltr'><strong>rem</strong></span> <span class='ocrx_word' id='word_1_916' title='bbox 1679 4314 1802 4369; x_wconf 86' lang='lat' dir='ltr'><strong>celeriter</strong></span> <span class='ocrx_word' id='word_1_917' title='bbox 1815 4314 1861 4370; x_wconf 87' lang='lat' dir='ltr'><strong>ie·</strong></span> 
     </span>
     <span class='ocr_line' id='line_1_91' title="bbox 1065 4384 1454 4453; baseline 0.003 -16"><span class='ocrx_word' id='word_1_918' title='bbox 1065 4384 1205 4450; x_wconf 90' lang='lat' dir='ltr'><strong>liciterque</strong></span> <span class='ocrx_word' id='word_1_919' title='bbox 1219 4398 1272 4437; x_wconf 92' lang='lat' dir='ltr'><strong>non</strong></span> <span class='ocrx_word' id='word_1_920' title='bbox 1286 4384 1454 4453; x_wconf 84' lang='lat' dir='ltr'><strong>expediebat.</strong></span> 
     </span>
    </p>

    <p class='ocr_par' dir='ltr' id='par_1_7' title="bbox 1102 4450 1860 4525">
     <span class='ocr_line' id='line_1_92' title="bbox 1102 4450 1860 4525; baseline 0.001 -19"><span class='ocrx_word' id='word_1_921' title='bbox 1102 4453 1116 4525; x_wconf 64' lang='lat' dir='ltr'><strong>b</strong></span> <span class='ocrx_word' id='word_1_922' title='bbox 1136 4450 1251 4507; x_wconf 80' lang='lat' dir='ltr'><strong>xxxvl.</strong></span> <span class='ocrx_word' id='word_1_923' title='bbox 1265 4451 1329 4517; x_wconf 86' lang='lat' dir='ltr'><strong>Quae</strong></span> <span class='ocrx_word' id='word_1_924' title='bbox 1342 4453 1444 4525; x_wconf 79' lang='lat' dir='ltr'><strong>jejunia</strong></span> <span class='ocrx_word' id='word_1_925' title='bbox 1459 4470 1474 4506; x_wconf 94' lang='lat' dir='ltr'><strong>e</strong></span> <span class='ocrx_word' id='word_1_926' title='bbox 1488 4451 1644 4509; x_wconf 76' lang='lat' dir='ltr'><strong>cassiodoro</strong></span> <span class='ocrx_word' id='word_1_927' title='bbox 1656 4496 1664 4521; x_wconf 91' lang='lat'><strong>,</strong></span> <span class='ocrx_word' id='word_1_928' title='bbox 1675 4462 1700 4507; x_wconf 92' lang='lat' dir='ltr'><strong>el</strong></span> <span class='ocrx_word' id='word_1_929' title='bbox 1717 4453 1860 4508; x_wconf 74' lang='lat' dir='ltr'><strong>linerien-</strong></span> 
     </span>
    </p>
   </div>
   <div class='ocr_carea' id='block_1_7' title="bbox 627 4511 1857 4594">
    <p class='ocr_par' dir='ltr' id='par_1_8' title="bbox 627 4511 1857 4594">
     <span class='ocr_line' id='line_1_93' title="bbox 627 4511 1857 4594; baseline 0.002 -18"><span class='ocrx_word' id='word_1_930' title='bbox 627 4523 727 4594; x_wconf 89' lang='lat' dir='ltr'><strong>paucis,</strong></span> <span class='ocrx_word' id='word_1_931' title='bbox 751 4522 837 4591; x_wconf 91' lang='lat' dir='ltr'><strong>inquit</strong></span> <span class='ocrx_word' id='word_1_932' title='bbox 860 4521 930 4593; x_wconf 82' lang='lat' dir='ltr'><strong>(tit.</strong></span> <span class='ocrx_word' id='word_1_933' title='bbox 953 4522 1012 4577; x_wconf 85' lang='lat' dir='ltr'><strong>Die.</strong></span> <span class='ocrx_word' id='word_1_934' title='bbox 1028 4511 1289 4578; x_wconf 81' lang='lat' dir='ltr'><strong>Dsibusobsetnete.</strong></span> <span class='ocrx_word' id='word_1_935' title='bbox 1306 4522 1364 4577; x_wconf 89' lang='lat' dir='ltr'><strong>Nou</strong></span> <span class='ocrx_word' id='word_1_936' title='bbox 1377 4523 1486 4578; x_wconf 92' lang='lat' dir='ltr'><strong>dubium</strong></span> <span class='ocrx_word' id='word_1_937' title='bbox 1505 4524 1569 4593; x_wconf 88' lang='lat' dir='ltr'><strong>quia</strong></span> <span class='ocrx_word' id='word_1_938' title='bbox 1583 4524 1733 4579; x_wconf 86' lang='lat' dir='ltr'><strong>arctissima</strong></span> <span class='ocrx_word' id='word_1_939' title='bbox 1755 4526 1857 4579; x_wconf 85' lang='lat' dir='ltr'><strong>absar-</strong></span> 
     </span>
    </p>
   </div>
   <div class='ocr_carea' id='block_1_8' title="bbox 1062 4593 1861 5866">
    <p class='ocr_par' dir='ltr' id='par_1_9' title="bbox 1063 4593 1859 5364">
     <span class='ocr_line' id='line_1_94' title="bbox 1067 4593 1858 4663; baseline 0.006 -18"><span class='ocrx_word' id='word_1_940' title='bbox 1067 4593 1285 4663; x_wconf 83' lang='lat' dir='ltr'><strong>uationejejunia</strong></span> <span class='ocrx_word' id='word_1_941' title='bbox 1298 4593 1430 4662; x_wconf 80' lang='lat' dir='ltr'><strong>viguerint</strong></span> <span class='ocrx_word' id='word_1_942' title='bbox 1445 4593 1515 4663; x_wconf 87' lang='lat' dir='ltr'><strong>apud</strong></span> <span class='ocrx_word' id='word_1_943' title='bbox 1531 4593 1715 4659; x_wconf 75' lang='lat' dir='ltr'><strong>vivarienses,</strong></span> <span class='ocrx_word' id='word_1_944' title='bbox 1731 4593 1858 4663; x_wconf 86' lang='lat' dir='ltr'><strong>discipli-</strong></span> 
     </span>
     <span class='ocr_line' id='line_1_95' title="bbox 1068 4663 1859 4735; baseline 0.004 -19"><span class='ocrx_word' id='word_1_945' title='bbox 1068 4680 1108 4717; x_wconf 82' lang='lat' dir='ltr'><strong>nae</strong></span> <span class='ocrx_word' id='word_1_946' title='bbox 1122 4663 1277 4718; x_wconf 85' lang='lat' dir='ltr'><strong>morrasticae</strong></span> <span class='ocrx_word' id='word_1_947' title='bbox 1292 4663 1416 4718; x_wconf 85' lang='lat' dir='ltr'><strong>custodes</strong></span> <span class='ocrx_word' id='word_1_948' title='bbox 1431 4663 1591 4730; x_wconf 61' lang='lat' dir='ltr'><strong>acerrimum</strong></span> <span class='ocrx_word' id='word_1_949' title='bbox 1611 4664 1709 4735; x_wconf 89' lang='lat' dir='ltr'><strong>illaque</strong></span> <span class='ocrx_word' id='word_1_950' title='bbox 1727 4664 1798 4718; x_wconf 90' lang='lat' dir='ltr'><strong>baud</strong></span> <span class='ocrx_word' id='word_1_951' title='bbox 1813 4665 1859 4719; x_wconf 92' lang='lat' dir='ltr'><strong>in·</strong></span> 
     </span>
     <span class='ocr_line' id='line_1_96' title="bbox 1067 4733 1859 4802; baseline 0.008 -17"><span class='ocrx_word' id='word_1_952' title='bbox 1067 4733 1158 4787; x_wconf 81' lang='lat' dir='ltr'><strong>lienum</strong></span> <span class='ocrx_word' id='word_1_953' title='bbox 1173 4734 1201 4787; x_wconf 92' lang='lat' dir='ltr'><strong>iu</strong></span> <span class='ocrx_word' id='word_1_954' title='bbox 1222 4734 1314 4802; x_wconf 81' lang='lat' dir='ltr'><strong>regula</strong></span> <span class='ocrx_word' id='word_1_955' title='bbox 1330 4733 1419 4789; x_wconf 88' lang='lat' dir='ltr'><strong>locum</strong></span> <span class='ocrx_word' id='word_1_956' title='bbox 1433 4734 1551 4789; x_wconf 76' lang='lat' dir='ltr'><strong>oetrtrisse</strong></span> <span class='ocrx_word' id='word_1_957' title='bbox 1571 4735 1749 4789; x_wconf 89' lang='lat' dir='ltr'><strong>certissimam</strong></span> <span class='ocrx_word' id='word_1_958' title='bbox 1762 4742 1859 4791; x_wconf 84' lang='lat' dir='ltr'><strong>estex</strong></span> 
     </span>
     <span class='ocr_line' id='line_1_97' title="bbox 1066 4802 1859 4875; baseline 0.004 -18"><span class='ocrx_word' id='word_1_959' title='bbox 1066 4804 1124 4873; x_wconf 89' lang='lat' dir='ltr'><strong>ipso</strong></span> <span class='ocrx_word' id='word_1_960' title='bbox 1137 4802 1311 4865; x_wconf 67' lang='lat' dir='ltr'><strong>dass-tonora,</strong></span> <span class='ocrx_word' id='word_1_961' title='bbox 1329 4804 1373 4858; x_wconf 91' lang='lat' dir='ltr'><strong>ubi</strong></span> <span class='ocrx_word' id='word_1_962' title='bbox 1386 4804 1420 4857; x_wconf 88' lang='lat' dir='ltr'><strong>de</strong></span> <span class='ocrx_word' id='word_1_963' title='bbox 1442 4802 1608 4873; x_wconf 89' lang='lat' dir='ltr'><strong>psalmodia:</strong></span> <span class='ocrx_word' id='word_1_964' title='bbox 1638 4802 1713 4875; x_wconf 87' lang='lat' dir='ltr'><strong>ipsi,</strong></span> <span class='ocrx_word' id='word_1_965' title='bbox 1728 4804 1859 4860; x_wconf 82' lang='lat' dir='ltr'><strong>videlicet</strong></span> 
     </span>
     <span class='ocr_line' id='line_1_98' title="bbox 1065 4872 1856 4998; baseline 0 -70"><span class='ocrx_word' id='word_1_966' title='bbox 1065 4873 1172 4943; x_wconf 87' lang='lat' dir='ltr'><strong>psabni‚</strong></span> <span class='ocrx_word' id='word_1_967' title='bbox 1200 4872 1274 4927; x_wconf 88' lang='lat' dir='ltr'><strong>nobis</strong></span> <span class='ocrx_word' id='word_1_968' title='bbox 1301 4889 1371 4927; x_wconf 90' lang='lat' dir='ltr'><strong>none</strong></span> <span class='ocrx_word' id='word_1_969' title='bbox 1394 4873 1496 4944; x_wconf 80' lang='lat' dir='ltr'><strong>jejunia</strong></span> <span class='ocrx_word' id='word_1_970' title='bbox 1519 4872 1648 4928; x_wconf 85' lang='lat' dir='ltr'><strong>resoluunt</strong></span> <span class='ocrx_word' id='word_1_971' title='bbox 1670 4872 1721 4998; x_wconf 40' lang='grc' dir='ltr'><strong>ίΣιιι</strong></span> <span class='ocrx_word' id='word_1_972' title='bbox 1747 4876 1856 4945; x_wconf 67' lang='lat' dir='ltr'><strong>pressat.</strong></span> 
     </span>
     <span class='ocr_line' id='line_1_99' title="bbox 1065 4941 1857 5013; baseline 0 -15"><span class='ocrx_word' id='word_1_973' title='bbox 1065 4943 1206 4998; x_wconf 80' lang='lat' dir='ltr'><strong>Ceramia</strong></span> <span class='ocrx_word' id='word_1_974' title='bbox 1223 4941 1323 5011; x_wconf 64' lang='lat' dir='ltr'><strong>Psalb.</strong></span> <span class='ocrx_word' id='word_1_975' title='bbox 1341 4941 1519 5013; x_wconf 83' lang='lat' dir='ltr'><strong>Quoquidem</strong></span> <span class='ocrx_word' id='word_1_976' title='bbox 1539 4943 1565 4997; x_wconf 92' lang='lat' dir='ltr'><strong>in</strong></span> <span class='ocrx_word' id='word_1_977' title='bbox 1591 4944 1652 4999; x_wconf 90' lang='lat' dir='ltr'><strong>loco</strong></span> <span class='ocrx_word' id='word_1_978' title='bbox 1689 4960 1705 4999; x_wconf 89' lang='lat' dir='ltr'><strong>e</strong></span> <span class='ocrx_word' id='word_1_979' title='bbox 1728 4943 1857 5013; x_wconf 82' lang='lat' dir='ltr'><strong>jejuniis,</strong></span> 
     </span>
     <span class='ocr_line' id='line_1_100' title="bbox 1064 5012 1859 5082; baseline 0.003 -15"><span class='ocrx_word' id='word_1_980' title='bbox 1064 5028 1124 5081; x_wconf 79' lang='lat' dir='ltr'><strong>qum</strong></span> <span class='ocrx_word' id='word_1_981' title='bbox 1136 5023 1233 5068; x_wconf 86' lang='lat' dir='ltr'><strong>rocam</strong></span> <span class='ocrx_word' id='word_1_982' title='bbox 1248 5013 1390 5081; x_wconf 86' lang='lat' dir='ltr'><strong>regularia,</strong></span> <span class='ocrx_word' id='word_1_983' title='bbox 1403 5012 1484 5067; x_wconf 85' lang='lat' dir='ltr'><strong>rerba</strong></span> <span class='ocrx_word' id='word_1_984' title='bbox 1495 5012 1568 5067; x_wconf 91' lang='lat' dir='ltr'><strong>lacit.</strong></span> <span class='ocrx_word' id='word_1_985' title='bbox 1587 5013 1652 5067; x_wconf 89' lang='lat' dir='ltr'><strong>Naar</strong></span> <span class='ocrx_word' id='word_1_986' title='bbox 1661 5028 1694 5068; x_wconf 89' lang='lat' dir='ltr'><strong>ea</strong></span> <span class='ocrx_word' id='word_1_987' title='bbox 1708 5029 1766 5082; x_wconf 78' lang='lat' dir='ltr'><strong>qim</strong></span> <span class='ocrx_word' id='word_1_988' title='bbox 1776 5017 1859 5070; x_wconf 86' lang='lat' dir='ltr'><strong>statis</strong></span> 
     </span>
     <span class='ocr_line' id='line_1_101' title="bbox 1064 5082 1859 5153; baseline 0.004 -17"><span class='ocrx_word' id='word_1_989' title='bbox 1064 5083 1160 5138; x_wconf 75' lang='lat' dir='ltr'><strong>diebus</strong></span> <span class='ocrx_word' id='word_1_990' title='bbox 1170 5084 1316 5153; x_wconf 78' lang='lat' dir='ltr'><strong>presertim</strong></span> <span class='ocrx_word' id='word_1_991' title='bbox 1330 5082 1460 5149; x_wconf 81' lang='lat' dir='ltr'><strong>Ecclesia,</strong></span> <span class='ocrx_word' id='word_1_992' title='bbox 1471 5092 1498 5138; x_wconf 90' lang='lat' dir='ltr'><strong>et</strong></span> <span class='ocrx_word' id='word_1_993' title='bbox 1510 5083 1633 5151; x_wconf 88' lang='lat' dir='ltr'><strong>religiosa</strong></span> <span class='ocrx_word' id='word_1_994' title='bbox 1647 5084 1859 5139; x_wconf 86' lang='lat' dir='ltr'><strong>deuotionesas·</strong></span> 
     </span>
     <span class='ocr_line' id='line_1_102' title="bbox 1065 5152 1859 5225; baseline 0.001 -17"><span class='ocrx_word' id='word_1_995' title='bbox 1065 5153 1200 5224; x_wconf 87' lang='lat' dir='ltr'><strong>cipiebant</strong></span> <span class='ocrx_word' id='word_1_996' title='bbox 1213 5152 1419 5215; x_wconf 82' lang='lat' dir='ltr'><strong>Castellienses.</strong></span> <span class='ocrx_word' id='word_1_997' title='bbox 1441 5162 1468 5207; x_wconf 91' lang='lat' dir='ltr'><strong>et</strong></span> <span class='ocrx_word' id='word_1_998' title='bbox 1487 5162 1580 5209; x_wconf 88' lang='lat' dir='ltr'><strong>saneta</strong></span> <span class='ocrx_word' id='word_1_999' title='bbox 1599 5154 1806 5225; x_wconf 88' lang='lat' dir='ltr'><strong>scrupulositate</strong></span> <span class='ocrx_word' id='word_1_1000' title='bbox 1821 5154 1859 5209; x_wconf 82' lang='lat' dir='ltr'><strong>ad</strong></span> 
     </span>
     <span class='ocr_line' id='line_1_103' title="bbox 1064 5223 1858 5294; baseline 0.005 -17"><span class='ocrx_word' id='word_1_1001' title='bbox 1064 5238 1204 5294; x_wconf 77' lang='lat' dir='ltr'><strong>vesperam</strong></span> <span class='ocrx_word' id='word_1_1002' title='bbox 1222 5238 1305 5291; x_wconf 91' lang='lat' dir='ltr'><strong>usqne</strong></span> <span class='ocrx_word' id='word_1_1003' title='bbox 1320 5239 1353 5279; x_wconf 87' lang='lat' dir='ltr'><strong>cx</strong></span> <span class='ocrx_word' id='word_1_1004' title='bbox 1365 5224 1451 5277; x_wconf 84' lang='lat' dir='ltr'><strong>reteri</strong></span> <span class='ocrx_word' id='word_1_1005' title='bbox 1468 5223 1683 5280; x_wconf 82' lang='lat' dir='ltr'><strong>Christianorum</strong></span> <span class='ocrx_word' id='word_1_1006' title='bbox 1709 5234 1858 5281; x_wconf 84' lang='lat' dir='ltr'><strong>cotrsuctu·</strong></span> 
     </span>
     <span class='ocr_line' id='line_1_104' title="bbox 1063 5293 1332 5364; baseline 0 -16"><span class='ocrx_word' id='word_1_1007' title='bbox 1063 5295 1126 5349; x_wconf 88' lang='lat' dir='ltr'><strong>dine</strong></span> <span class='ocrx_word' id='word_1_1008' title='bbox 1140 5293 1332 5364; x_wconf 86' lang='lat' dir='ltr'><strong>producebant.</strong></span> 
     </span>
    </p>

    <p class='ocr_par' dir='ltr' id='par_1_10' title="bbox 1062 5362 1861 5866">
     <span class='ocr_line' id='line_1_105' title="bbox 1099 5362 1859 5435; baseline 0.003 -17"><span class='ocrx_word' id='word_1_1009' title='bbox 1099 5363 1158 5418; x_wconf 82' lang='lat' dir='ltr'><strong>iam</strong></span> <span class='ocrx_word' id='word_1_1010' title='bbox 1174 5364 1238 5433; x_wconf 90' lang='lat' dir='ltr'><strong>quid</strong></span> <span class='ocrx_word' id='word_1_1011' title='bbox 1262 5379 1329 5434; x_wconf 91' lang='lat' dir='ltr'><strong>opus</strong></span> <span class='ocrx_word' id='word_1_1012' title='bbox 1345 5362 1532 5419; x_wconf 86' lang='lat' dir='ltr'><strong>demonstrare</strong></span> <span class='ocrx_word' id='word_1_1013' title='bbox 1546 5363 1616 5435; x_wconf 91' lang='lat' dir='ltr'><strong>apud</strong></span> <span class='ocrx_word' id='word_1_1014' title='bbox 1642 5379 1690 5420; x_wconf 93' lang='lat' dir='ltr'><strong>eus</strong></span> <span class='ocrx_word' id='word_1_1015' title='bbox 1718 5362 1800 5419; x_wconf 89' lang='lat' dir='ltr'><strong>luisse</strong></span> <span class='ocrx_word' id='word_1_1016' title='bbox 1828 5365 1859 5420; x_wconf 90' lang='lat' dir='ltr'><strong>in</strong></span> 
     </span>
     <span class='ocr_line' id='line_1_106' title="bbox 1062 5433 1860 5504; baseline -0.001 -14"><span class='ocrx_word' id='word_1_1017' title='bbox 1062 5449 1139 5490; x_wconf 89' lang='lat' dir='ltr'><strong>mure</strong></span> <span class='ocrx_word' id='word_1_1018' title='bbox 1157 5435 1273 5504; x_wconf 89' lang='lat' dir='ltr'><strong>positam</strong></span> <span class='ocrx_word' id='word_1_1019' title='bbox 1300 5433 1456 5489; x_wconf 83' lang='lat' dir='ltr'><strong>iarrtiliarem</strong></span> <span class='ocrx_word' id='word_1_1020' title='bbox 1482 5441 1547 5490; x_wconf 91' lang='lat' dir='ltr'><strong>tune</strong></span> <span class='ocrx_word' id='word_1_1021' title='bbox 1568 5435 1693 5491; x_wconf 90' lang='lat' dir='ltr'><strong>omnibus</strong></span> <span class='ocrx_word' id='word_1_1022' title='bbox 1716 5434 1860 5490; x_wconf 83' lang='lat' dir='ltr'><strong>monacbis</strong></span> 
     </span>
     <span class='ocr_line' id='line_1_107' title="bbox 1063 5504 1859 5575; baseline 0 -16"><span class='ocrx_word' id='word_1_1023' title='bbox 1063 5515 1251 5575; x_wconf 83' lang='lat' dir='ltr'><strong>perpetuumu</strong></span> <span class='ocrx_word' id='word_1_1024' title='bbox 1275 5505 1401 5559; x_wconf 89' lang='lat' dir='ltr'><strong>carnibus</strong></span> <span class='ocrx_word' id='word_1_1025' title='bbox 1423 5504 1634 5560; x_wconf 71' lang='lat' dir='ltr'><strong>abstinentiam?</strong></span> <span class='ocrx_word' id='word_1_1026' title='bbox 1659 5504 1807 5570; x_wconf 84' lang='lat' dir='ltr'><strong>Consulite,</strong></span> <span class='ocrx_word' id='word_1_1027' title='bbox 1832 5504 1859 5559; x_wconf 89' lang='lat' dir='ltr'><strong>si</strong></span> 
     </span>
     <span class='ocr_line' id='line_1_108' title="bbox 1063 5572 1859 5645; baseline 0 -16"><span class='ocrx_word' id='word_1_1028' title='bbox 1063 5574 1163 5645; x_wconf 86' lang='lat' dir='ltr'><strong>placet,</strong></span> <span class='ocrx_word' id='word_1_1029' title='bbox 1178 5591 1318 5645; x_wconf 88' lang='lat' dir='ltr'><strong>supremas</strong></span> <span class='ocrx_word' id='word_1_1030' title='bbox 1331 5574 1427 5645; x_wconf 89' lang='lat' dir='ltr'><strong>capitis</strong></span> <span class='ocrx_word' id='word_1_1031' title='bbox 1440 5572 1476 5627; x_wconf 62' lang='grc' dir='ltr'><strong>ιδ</strong></span> <span class='ocrx_word' id='word_1_1032' title='bbox 1490 5574 1524 5630; x_wconf 90' lang='lat' dir='ltr'><strong>de</strong></span> <span class='ocrx_word' id='word_1_1033' title='bbox 1537 5574 1640 5635; x_wconf 86' lang='lat' dir='ltr'><strong>Divinis</strong></span> <span class='ocrx_word' id='word_1_1034' title='bbox 1649 5575 1759 5631; x_wconf 88' lang='lat' dir='ltr'><strong>Litteris</strong></span> <span class='ocrx_word' id='word_1_1035' title='bbox 1777 5575 1859 5645; x_wconf 79' lang='lat' dir='ltr'><strong>pagi·</strong></span> 
     </span>
     <span class='ocr_line' id='line_1_109' title="bbox 1064 5647 1856 5719; baseline 0.005 -19"><span class='ocrx_word' id='word_1_1036' title='bbox 1064 5660 1124 5708; x_wconf 84' lang='lat' dir='ltr'><strong>nas,</strong></span> <span class='ocrx_word' id='word_1_1037' title='bbox 1136 5647 1181 5701; x_wconf 91' lang='lat' dir='ltr'><strong>ubi</strong></span> <span class='ocrx_word' id='word_1_1038' title='bbox 1195 5648 1283 5716; x_wconf 86' lang='lat' dir='ltr'><strong>agitur</strong></span> <span class='ocrx_word' id='word_1_1039' title='bbox 1294 5650 1327 5704; x_wconf 90' lang='lat' dir='ltr'><strong>de</strong></span> <span class='ocrx_word' id='word_1_1040' title='bbox 1342 5651 1427 5704; x_wconf 88' lang='lat' dir='ltr'><strong>bortis</strong></span> <span class='ocrx_word' id='word_1_1041' title='bbox 1439 5651 1564 5719; x_wconf 81' lang='lat' dir='ltr'><strong>agrisque</strong></span> <span class='ocrx_word' id='word_1_1042' title='bbox 1573 5654 1694 5709; x_wconf 86' lang='lat' dir='ltr'><strong>colendis</strong></span> <span class='ocrx_word' id='word_1_1043' title='bbox 1707 5672 1714 5719; x_wconf 90' lang='lat'>;</span> <span class='ocrx_word' id='word_1_1044' title='bbox 1737 5667 1856 5708; x_wconf 79' lang='lat' dir='ltr'><strong>osorien-</strong></span> 
     </span>
     <span class='ocr_line' id='line_1_110' title="bbox 1065 5718 1861 5794; baseline 0.009 -25"><span class='ocrx_word' id='word_1_1045' title='bbox 1065 5729 1162 5785; x_wconf 80' lang='lat' dir='ltr'><strong>tneque</strong></span> <span class='ocrx_word' id='word_1_1046' title='bbox 1175 5719 1311 5781; x_wconf 87' lang='lat' dir='ltr'><strong>ntouacbi,</strong></span> <span class='ocrx_word' id='word_1_1047' title='bbox 1323 5718 1458 5774; x_wconf 82' lang='lat' dir='ltr'><strong>AErniliani</strong></span> <span class='ocrx_word' id='word_1_1048' title='bbox 1475 5729 1500 5773; x_wconf 93' lang='lat' dir='ltr'><strong>et</strong></span> <span class='ocrx_word' id='word_1_1049' title='bbox 1515 5721 1861 5794; x_wconf 73' lang='lat' dir='ltr'><strong>Colrttnellarlibroslegant</strong></span> 
     </span>
     <span class='ocr_line' id='line_1_111' title="bbox 1066 5787 1858 5866; baseline 0.006 -24"><span class='ocrx_word' id='word_1_1050' title='bbox 1066 5787 1099 5843; x_wconf 89' lang='lat' dir='ltr'><strong>de</strong></span> <span class='ocrx_word' id='word_1_1051' title='bbox 1114 5788 1258 5844; x_wconf 86' lang='lat' dir='ltr'><strong>educandis</strong></span> <span class='ocrx_word' id='word_1_1052' title='bbox 1272 5791 1413 5859; x_wconf 73' lang='lat' dir='ltr'><strong>celerrima,</strong></span> <span class='ocrx_word' id='word_1_1053' title='bbox 1429 5799 1455 5844; x_wconf 90' lang='lat' dir='ltr'><strong>et</strong></span> <span class='ocrx_word' id='word_1_1054' title='bbox 1468 5791 1746 5866; x_wconf 74' lang='lat' dir='ltr'><strong>ciettratispccmlilms</strong></span> <span class='ocrx_word' id='word_1_1055' title='bbox 1761 5813 1766 5847; x_wconf 90' lang='grc'>;</span> <span class='ocrx_word' id='word_1_1056' title='bbox 1786 5808 1858 5863; x_wconf 81' lang='lat' dir='ltr'><strong>‹pnoe,</strong></span> 
     </span>
    </p>
   </div>
   <div class='ocr_carea' id='block_1_9' title="bbox 0 0 2037 6180">
    <p class='ocr_par' dir='ltr' id='par_1_11' title="bbox 0 0 2037 6180">
     <span class='ocr_line' id='line_1_112' title="bbox 0 0 2037 6180; baseline 0 0"><span class='ocrx_word' id='word_1_1057' title='bbox 0 0 2037 6180; x_wconf 95' lang='lat' dir='ltr'><strong> </strong></span> 
     </span>
    </p>
   </div>
  </div>
 </body>
</html>
