4059 6184
165 298 219 357 ⁹8³
772 298 808 353 n.
829 295 967 352 ennean
987 289 1186 351 cassamus
1747 292 1802 354 pp,

164 421 250 483 ptunu
267 409 377 485 Libyam
399 420 428 468 ct
446 409 636 468 Alexandriam
650 410 803 467 constitutis
816 407 958 497 presbyte·
972 410 994 468 Α
1010 422 1110 464 rannus
1132 408 1305 480 nmetipmn
1319 423 1374 480 quo
1387 418 1494 480 poterat
1506 412 1682 483 praeparabat.
1700 412 1804 473 Saesa-

135 576 139 583 ,
163 504 212 572 ris,
226 502 385 589 diaconibus
397 512 425 559 et
438 501 521 574 plebi,
534 499 662 558 iratribus
672 499 916 566 desideratissimis,
930 497 958 552 in
1011 514 1070 562 res,
1086 501 1131 556 tii.
1147 516 1177 568 ιι,
1191 517 1250 572 cup.
1264 500 1309 558 2⁰.
1329 502 1404 559 Edit.
1419 500 1514 559 Christ.
1534 505 1622 563 Voles.
1638 523 1697 578 cap.
1711 506 1758 581 ιδ,
1771 524 1801 583 p.

165 591 415 651 Dominosalutern.
1011 592 1072 648 iili.

200 685 364 742 Cunctorum
379 685 436 742 ileo
449 685 530 757 digne
547 686 647 756 gratias
662 697 743 754 agere
759 699 813 740 uon
828 682 957 745 salernus,

165 774 263 831 iratres
275 775 429 832 charissimi
434 792 442 844 ;
459 776 486 831 in
507 776 605 846 quibus
624 774 696 830 onina
710 771 839 829 miracula
852 786 961 841 semper
1268 748 1384 807 CAPUT
1401 750 1543 808 XXXVffl·

165 867 230 936 egit,
244 866 326 922 etiam
336 867 418 923 modo
428 880 489 923 eum
499 865 616 923 Ecclesia
630 873 720 921 vestra
730 862 794 920 iecit
805 881 812 917 ε
824 870 959 933 pastorem
1012 858 1052 917 he
1070 861 1174 918 insidiis
1194 872 1283 919 contro
1304 864 1476 921 Athanasium
1498 867 1587 937 pertis,
1606 877 1632 922 et
1648 870 1681 923 cie
1703 873 1805 927 ienitate

164 964 295 1024 vestrum,
318 963 347 1012 et
368 955 516 1024 murinum,
540 954 816 1025 consacerdotemque
838 959 959 1008 nostmm
1089 972 1094 977 ·
1326 934 1480 992 Cimbii·

142 1006 147 1090 Ῐ
164 1046 341 1102 Athanasium
361 1047 438 1103 vobis
460 1063 507 1102 sua
525 1048 626 1119 pietate
639 1048 794 1104 restituens.
810 1046 874 1113 Quis
888 1045 959 1101 euim
1047 1046 1200 1102 ahv.·rsar:i
1209 1047 1340 1118 siquidem
1352 1047 1490 1105 Athanasii
1500 1057 1679 1121 oppurtunum
1693 1067 1723 1107 se
1737 1058 1807 1107 tcm-

165 1137 310 1208 aliquando
328 1139 447 1210 speravit
470 1139 555 1195 oeulis
575 1137 728 1195 carnalibus
751 1136 859 1203 intueri,
879 1151 960 1207 ouem
1011 1149 1062 1207 pus
1075 1136 1209 1194 invenisse
1219 1135 1382 1206 judicantes,
1397 1140 1695 1198 mrsusadrersuseum
1703 1142 1807 1198 machi-

166 1243 238 1284 nunc
250 1234 278 1284 et
296 1242 346 1284 nos
368 1235 396 1283 et
415 1244 466 1284 vos
484 1228 624 1302 inspicitis,
638 1227 813 1299 respicientes
826 1241 906 1296 quem
921 1224 961 1280 ri·
1012 1229 1247 1286 acaunensium
1265 1220 1421 1301 inperatori
1438 1229 1596 1289 Constantio
1617 1244 1808 1305 suggesseruut

165 1319 230 1375 dere
243 1317 434 1377 desiderastis?
452 1319 507 1376 Sed
528 1334 593 1376 rere
614 1319 751 1375 orationes
765 1326 861 1372 nestrae
874 1331 891 1371 a
904 1315 961 1371 lieo
1011 1319 1074 1391 quia
1089 1335 1196 1377 omnem
1212 1319 1358 1392 AEgyptum
1373 1322 1548 1379 subvertisset
1562 1330 1590 1381 et
1602 1322 1723 1398 Libyam.
1736 1324 1806 1382 inni·
1895 1386 1900 1393 ,

165 1414 286 1469 omn‘uru
297 1418 361 1469 suut
371 1412 480 1477 audie,
491 1412 537 1483 qui
550 1425 644 1468 curam
659 1409 741 1466 habet
754 1406 881 1465 Ecclesiae
893 1422 959 1475 sna,
1011 1410 1083 1468 diam
1097 1426 1173 1467 nero·
1182 1413 1299 1468 maxime
1315 1413 1392 1467 anxit
1408 1413 1478 1485 ejus,
1491 1427 1525 1470 eo
1539 1414 1610 1483 qnod
1624 1413 1807 1472 ordinationes

164 1511 195 1560 et
206 1512 311 1560 vestrm
325 1503 458 1575 lacrymas
472 1512 554 1574 atquc
568 1502 683 1573 gemitus
699 1515 807 1572 semper
827 1499 960 1570 imperim
1012 1499 1040 1558 in
1055 1501 1191 1573 parochiis
1204 1501 1311 1559 iecisset
1325 1501 1428 1559 alicnis.
1444 1502 1606 1561 Athanasius
1619 1504 1731 1573 interea,
1744 1506 1807 1561 dum

165 1605 330 1668 quapropter
342 1604 447 1652 vestm
460 1592 565 1651 audivit
577 1606 684 1663 preces.
705 1589 795 1646 Eratis
806 1589 878 1644 euim
892 1588 964 1644 sicut
1012 1592 1131 1649 uenisset
1157 1591 1191 1648 ad
1222 1591 1432 1658 Alexandriam,
1460 1593 1591 1665 synodum
1621 1592 1806 1668 AEgyptiorum

165 1703 232 1746 ores
245 1687 357 1757 abjecta
369 1693 398 1743 ct
408 1686 535 1755 fatigata,
550 1699 605 1742 nou
619 1683 751 1741 habentes
764 1682 857 1752 utique
870 1688 964 1752 pasto-
1013 1682 1188 1753 congregarit
1204 1683 1404 1755 episcoporum.
1420 1683 1471 1751 Qui
1493 1699 1612 1740 consona
1631 1683 1808 1741 decreverunt

165 1796 234 1839 rem
257 1780 403 1852 Propterea
422 1778 541 1836 visitarit
560 1790 611 1835 ros
628 1776 735 1834 coelius
754 1772 851 1831 Pastor
871 1786 963 1837 serus,
979 1771 1161 1843 BSardiceno
1189 1773 1304 1829 concilio
1336 1782 1416 1843 atque
1444 1771 1635 1846 Hierosolymis
1659 1773 1806 1830 celebrem.

166 1879 196 1929 et
217 1870 251 1928 de
269 1871 384 1943 propriis
402 1870 499 1927 oribus
519 1883 612 1926 curam
633 1881 740 1938 gerens,
754 1864 873 1923 restituit
885 1862 963 1920 robis
1014 1860 1188 1919 Constantius
1205 1863 1285 1932 igitur
1300 1863 1455 1935 imperator,
1470 1863 1569 1919 dudum
1584 1874 1611 1919 ct
1624 1865 1682 1935 ipsc
1695 1864 1808 1920 brianno·

166 1974 247 2032 quern
262 1961 406 2018 notamini
420 1959 592 2030 concupisse.
606 1955 962 2014 Eooecnimetnosomuia
1013 1966 1073 2008 nrm
1096 1962 1170 2010 secta
1191 1963 1405 2025 praeoccupatus,
1420 1956 1510 2011 omnia
1524 1970 1585 2026 quas
1606 1955 1688 2026 paulo
1705 1966 1768 2013 anto
1781 1958 1806 2013 ei
1910 1971 1914 1975 ¹

165 2066 216 2126 pro
229 2051 413 2109 ecclesiastica
426 2065 493 2123 pace
507 2049 650 2117 iacientes,
660 2054 811 2117 venaeque
823 2043 963 2102 dilectioni
1013 2048 1171 2118 placuerant
1185 2047 1211 2102 io
1227 2047 1391 2103 contrarium
1405 2047 1563 2104 demutavit.
1574 2045 1609 2102 Et
1619 2048 1734 2119 pmmam
1748 2049 1807 2120 qui·

165 2141 404 2213 conspirantes,in
418 2139 477 2211 cius
490 2140 615 2211 amplexu
629 2138 833 2210 praecessimum
848 2143 964 2193 etcom·
1012 2138 1074 2195 dem
1097 2136 1225 2195 Ecclesiae
1243 2137 1547 2211 Constantinopolitanae
1562 2140 1716 2211 pancihccn
1737 2141 1806 2199 Pau·

165 2234 335 2290 manicantes
348 2233 374 2289 ei
388 2247 438 2304 per
459 2245 521 2287 eum
542 2240 593 2288 ros
614 2230 785 2302 alloquimur,
810 2228 964 2299 scriptaque
1013 2229 1068 2284 lum
1091 2229 1227 2301 deportari
1249 2230 1331 2300 jussit
1352 2230 1460 2299 exsilin;
1482 2246 1562 2301 quem
1585 2230 1763 2303 deducentes,
1779 2234 1805 2291 in

164 2323 308 2395 pmsntia
318 2322 493 2378 defluamus.
505 2319 598 2391 itaque
607 2317 757 2377 sectrndaan
770 2315 891 2387 gratifica
900 2321 963 2371 nota
1013 2319 1120 2377 Cucuso
1133 2320 1266 2377 Armeniae
1283 2320 1458 2379 suffocarunt.
1474 2320 1600 2378 hiarceilo
1613 2332 1703 2379 autem
1717 2322 1805 2380 denuo

164 2425 266 2486 restra,
281 2419 379 2475 scitme
393 2432 442 2473 uos
455 2430 564 2488 quoque
577 2429 637 2470 cum
652 2428 686 2470 eo
698 2411 807 2468 uinculo
820 2408 963 2467 charitatis
1012 2414 1145 2483 proiecto,
1160 2410 1308 2470 Ecclesiam
1323 2412 1492 2487 Ancyrauam
1505 2414 1619 2471 Basilius
1632 2419 1805 2472 rursusinva·

165 2508 319 2565 obstrictos
343 2505 626 2577 liebeiiscrgociiauu
641 2518 691 2576 pro
705 2501 963 2574 pietatellcoaraa·
1012 2504 1057 2558 sit.
1079 2501 1179 2559 Lucius
1198 2511 1289 2561 autem
1311 2500 1526 2577 adrianopoleos
1550 2502 1622 2561 ierro
1643 2506 1760 2571 vinctus,
1779 2506 1805 2561 in

164 2600 259 2658 biliam
282 2609 436 2657 nostrorum
460 2599 655 2669 imperatorum
681 2597 850 2652 incessanter
871 2607 960 2657 orare,
1011 2608 1123 2650 carcere
1136 2594 1260 2650 moritur.
1271 2592 1441 2666 Turnumque
1453 2593 1595 2651 valuemat
1605 2609 1665 2664 qua
1675 2595 1710 2651 de
1721 2595 1805 2651 Atha·

164 2692 293 2760 quonum
316 2696 345 2744 ct
367 2688 417 2758 ipsi
438 2672 634 2757 cognoscentes
647 2691 767 2740 nostrum
786 2681 959 2746 desiderium,
1012 2684 1088 2740 nasio
1112 2680 1195 2756 250
1217 2681 1386 2749 dicebantur,
1406 2692 1436 2737 ut
1457 2685 1484 2738 in
1507 2683 1664 2740 immensum
1688 2684 1805 2740 ibrorcur

164 2795 228 2837 cum
241 2779 318 2835 robis
335 2778 480 2834 restituere
493 2776 674 2833 destinarunt.
687 2774 765 2829 Omni
780 2787 844 2843 ergo
857 2772 962 2828 honore
1009 2772 1111 2832 cadens
1123 2775 1281 2847 imperator,
1291 2790 1353 2831 eum
1363 2775 1691 2846 ubicunguereperirctur
1699 2775 1805 2845 inheret

165 2867 249 2924 ansis
259 2867 384 2923 mamlius
393 2865 570 2936 suscipientes
581 2864 667 2930 iilum,
678 2860 813 2933 gratificas
824 2861 962 2918 orationes
1010 2865 1098 2922 occidi
1112 2883 1119 2920 ε
1132 2880 1193 2922 cum
1207 2880 1262 2936 qao
1278 2864 1446 2922 Theodulum
1466 2873 1494 2922 et
1512 2864 1663 2938 Olympium
1678 2867 1805 2937 praesules

164 2961 261 3018 offerte
283 2961 349 3030 lieo,
369 2961 417 3031 qui
437 2961 516 3017 robis
537 2959 602 3016 talia
624 2957 801 3016 condonarit.
825 2954 961 3011 Festinato
1010 2954 1191 3013 Ecclesiamm
1208 2955 1413 3013 Thmcensium.
1428 2954 1512 3036 igitur
1525 2955 1699 3013 athanasium
1714 2957 1805 3014 solare

163 3053 296 3125 siquidem
317 3069 425 3125 semper
440 3055 466 3110 iu
487 3052 543 3109 Deo
556 3051 682 3122 gaudere,
699 3058 727 3107 et
740 3050 893 3121 gloriiicare
908 3049 961 3104 iio-
1010 3054 1053 3104 tas
1066 3046 1236 3118 imperatoris
1245 3063 1299 3103 non
1313 3048 1397 3113 latuit,
1409 3048 1458 3103 scd
1470 3050 1653 3119 presentiens,
1664 3048 1724 3119 iuga
1737 3049 1804 3105 dila·

164 3144 278 3209 minum,
291 3156 341 3214 per
351 3158 432 3213 quem
446 3149 474 3198 et
486 3157 548 3199 cnm
559 3155 614 3211 quo
628 3140 701 3195 l‘atri
715 3150 757 3195 est
770 3139 856 3208 gloria
868 3138 895 3193 in
907 3139 995 3205 sar-c
1010 3154 1074 3210 psus
1088 3147 1130 3195 est
1143 3149 1171 3195 et
1184 3140 1270 3194 urinas
1289 3139 1417 3210 principis
1436 3139 1590 3197 declinavit.
1612 3141 1694 3210 Cujus
1715 3143 1804 3212 lugam

162 3233 227 3289 cula
249 3232 418 3296 saeculorum,
442 3231 538 3287 Amen.
564 3229 680 3285 Veniens
699 3228 780 3297 igitur
798 3226 961 3282 Athanasius
1011 3228 1192 3285 dilataverunt
1214 3230 1316 3299 Ariani,
1337 3231 1471 3303 praecipue
1488 3231 1627 3289 Narcissus
1645 3232 1805 3290 Neroniadis

163 3320 192 3377 ia
207 3320 363 3393 AEgyptnm,
385 3336 454 3392 qntos
474 3320 584 3391 quidem
602 3319 713 3388 agnovit
734 3316 791 3371 Arii
811 3324 960 3373 sectatores
1011 3321 1162 3392 episcopus,
1175 3321 1309 3392 Georgius
1327 3321 1471 3392 Laodiciae,
1484 3330 1513 3379 et
1527 3322 1654 3381 Leontius
1670 3335 1735 3382 tunc
1748 3327 1804 3381 hn-

163 3410 297 3481 deposuit.
309 3410 411 3477 Quibus
425 3425 439 3464 a
453 3425 483 3464 sc
496 3407 636 3480 depositis,
648 3405 780 3461 Ecclesias
791 3401 884 3462 corium
895 3419 961 3474 prai-
1011 3411 1145 3468 tiochenae
1166 3414 1262 3484 presul
1284 3410 1423 3469 Ecclesiae.
1445 3413 1471 3470 is
1493 3415 1565 3471 euim
1585 3430 1645 3472 cuni
1664 3417 1806 3488 presbyter

163 3501 236 3571 cepit
258 3499 337 3555 fldem
361 3508 456 3555 tcrrme
477 3497 577 3555 Nieaessi
594 3495 712 3563 imiimi,
727 3508 840 3564 Cimini
853 3509 959 3550 ⁸1¹¹¹1¹¹l⁰
1010 3509 1092 3569 esset,
1106 3501 1236 3570 dignitate
1249 3502 1370 3573 privatus
1389 3510 1441 3568 est,
1461 3503 1523 3574 quia
1542 3519 1604 3560 cum
1623 3505 1736 3561 muliere
1751 3504 1805 3560 En-

163 3583 957 3655 iiudiocusiodlli·&wilei-‚libmimi-2¹·E‘it'id1'itt'ii·
1007 3593 1090 3649 stolia
1103 3594 1213 3650 nomine
1226 3593 1335 3664 degens,
1350 3604 1379 3652 et
1397 3584 1503 3667 turpem
1521 3597 1702 3668 suspicionem
1716 3599 1805 3654 celare

169 3677 257 3736 Voles.
272 3697 331 3750 cap.
347 3679 392 3747 ih,
405 3698 430 3753 p.
448 3677 511 3735 555.
1009 3682 1114 3749 rolens,
1137 3685 1264 3753 genitalia
1283 3680 1391 3743 sibimet
1408 3687 1531 3742 noscitur
1548 3686 1703 3755 abscidisse,
1724 3696 1752 3743 et
1770 3689 1804 3745 de

429 3778 544 3867 CAP'UT
563 3806 692 3863 xxm
1008 3782 1109 3831 mecm
1119 3774 1226 3845 quidem
1238 3775 1399 3833 fiducialiter
1408 3792 1469 3832 cum
1478 3777 1591 3833 muliere
1600 3776 1719 3833 sinebat.
1732 3775 1804 3833 Post·

199 3898 239 3955 De
254 3898 406 3972 mammio
424 3908 546 3971 mmm,
564 3905 589 3952 e,
608 3898 640 3951 de
658 3896 828 3952 Mamm
848 3907 924 3967 mne
1008 3878 1042 3920 ea
1061 3879 1126 3920 vero
1144 3865 1235 3923 undio
1249 3866 1421 3939 imperatoris
1432 3866 1582 3924 Constantii
1596 3868 1623 3924 in
1638 3867 1803 3926 Antiocheno

478 3966 638 4038 meppiam,
1009 3956 1129 4013 Ecclesia
1149 3957 1289 4014 ordinatur
1309 3960 1453 4031 episcopus
1475 3959 1737 4033 possumusne,
1757 3962 1802 4033 qrri

198 4060 244 4117 Sic
257 4061 349 4130 itaque
361 4073 392 4114 se
405 4058 486 4114 rebus
500 4057 661 4113 habentibus
679 4054 848 4125 biagncotius
865 4064 957 4129 tyran-
1007 4048 1132 4118 primitus
1144 4057 1312 4107 successerat
1326 4048 1439 4106 Placito.
1455 4049 1520 4107 ilaec
1539 4052 1664 4120 igiturde
1679 4052 1720 4106 bis
1733 4052 1804 4108 dicta

163 4165 214 4206 uus
227 4149 298 4205 circa
312 4156 403 4219 partes
415 4147 525 4203 enraersit
545 4144 690 4216 iicsperias
706 4146 763 4218 (un.
783 4146 861 4203 Nom.
875 4146 956 4216 352);
1007 4138 1152 4195 sufficiam.
1175 4139 1324 4207 Socniras,
1349 4141 1394 4197 lii.
1419 4159 1447 4209 n,
1469 4159 1528 4215 cop.
1549 4142 1594 4199 ii.
1615 4140 1690 4199 Edit.
1705 4143 1803 4200 Christ.

162 4239 209 4310 qui
217 4238 392 4294 causantem
403 4237 593 4310 imperatorem
605 4236 819 4295 occidentalium
831 4239 956 4309 partium,
1012 4230 1100 4287 Vulci·
1117 4248 1175 4304 caii·
1189 4230 1235 4298 ²⁶,
1247 4249 1274 4302 Ρ·
1292 4232 1353 4286 Ηθ·

162 4328 235 4385 iacto
248 4327 320 4396 dolo,
334 4329 407 4385 circa
422 4327 525 4385 Gallias
546 4328 690 4385 interemit.
706 4327 765 4396 Quo
786 4331 957 4399 geruinu-

161 4420 262 4479 stinum
276 4420 469 4477 inflammatum
482 4429 525 4477 est
537 4419 648 4477 bellum.
674 4420 842 4489 iiagnentins
856 4423 955 4479 etenim
1276 4382 1391 4441 CAPUT
1409 4382 1529 4440 mlx·

161 4502 294 4582 ty'raanua
305 4520 428 4568 cuneum
438 4511 549 4568 tenebat
559 4509 865 4582 italiambiricamque,
874 4523 902 4569 et
912 4500 997 4568 hill
1154 4494 1192 4549 ⁰⁶
1206 4494 1360 4551 ”mliii
1375 4496 1655 4568 ‘Nih‘e'iiidiil'ffllb

162 4602 252 4675 byuro,
265 4601 383 4659 simulet
395 4603 505 4659 Gallias.
519 4602 548 4658 in
560 4601 667 4676 illyrico
681 4619 746 4662 vero
759 4612 787 4660 et
806 4605 833 4659 in
855 4604 955 4662 Sirmio
1044 4601 1083 4661 Eo
1098 4611 1220 4675 tempora
1243 4604 1477 4678 Constantinopoli
1500 4607 1671 4665 hiuccdonius
1696 4611 1804 4687 tcncbai

160 4696 233 4751 aliud
246 4710 338 4752 rursus
351 4712 366 4751 a
379 4695 509 4753 militibus
526 4705 651 4753 exortum
675 4705 716 4754 est
738 4698 838 4755 bollum
852 4715 900 4769 per
913 4709 954 4772 ty-
1007 4694 1149 4765 ecclesias,
1172 4692 1256 4752 Paulo
1278 4698 1382 4754 scilicet
1405 4690 1545 4769 amputaio
1559 4702 1689 4772 perdicto
1709 4704 1799 4761 modo.

160 4802 274 4843 rannnm
292 4787 402 4860 nominc
422 4786 633 4845 enunnioncn.
654 4788 710 4845 Sed
733 4791 815 4845 ctiam
839 4789 954 4847 Romam
1007 4786 1059 4852 Qui
1073 4784 1108 4841 de
1119 4785 1283 4857 imperatore
1295 4802 1470 4859 praesumens,
1484 4788 1642 4851 Christianis
1655 4795 1803 4852 commorit

160 4877 292 4934 tumuitus
306 4894 360 4934 nou
375 4878 500 4935 fortuitus
514 4878 663 4936 detinebat.
679 4880 825 4937 Fratmelis
839 4897 955 4951 namque
1007 4874 1117 4942 beilum,
1131 4883 1159 4932 ct
1170 4891 1225 4931 non
1236 4878 1323 4933 minus
1336 4893 1416 4950 quam
1429 4882 1501 4949 quod
1515 4884 1620 4953 tyranni
1635 4901 1669 4941 co
1679 4894 1803 4960 tempore

160 4968 329 5026 communi
343 4969 509 5043 peponem,
524 4972 633 5027 „omine
646 4972 788 5043 imperium
802 4987 955 5045 assum.
1007 4962 1143 5024 iaciebant
1157 4983 1164 5019 ε
1176 4969 1292 5023 suadens
1312 4969 1384 5023 enim
1408 4969 1563 5040 imperatori
1582 4982 1611 5029 nt
1630 4976 1655 5031 ei
1675 4978 1803 5039 ecclesias

159 5068 211 5127 rm,
224 5063 463 5119 monomachorum
472 5064 573 5120 uirtute
584 5063 718 5130 suliuitns,
734 5072 763 5120 et
775 5063 953 5135 Nepotianum
1006 5055 1121 5110 amanti
1131 5054 1213 5112 fellei
1224 5057 1362 5125 auxilium»
1374 5059 1429 5129 081¹
1442 5071 1470 5116 ¹¹⁸
1481 5061 1541 5130 ¹08⁰
1551 5062 1721 5122 firmarentur
1731 5085 1803 5138 qua·

158 5151 268 5221 quidem
282 5151 427 5222 lisgneutii
452 5154 551 5210 milites
574 5154 772 5226 deposuerunt;
787 5154 955 5226 Magnentius
1007 5159 1113 5216 Cimini
1125 5148 1251 5217 pessime
1269 5162 1349 5217 iiiii
1369 5150 1512 5208 inibitur·
1534 5152 1656 5213 ululent
1672 5158 1743 5214 enim
1757 5177 1802 5216 se·

158 5250 250 5298 autem
267 5243 427 5314 procedens,
444 5245 584 5305 universas
602 5255 692 5316 partes
712 5247 835 5304 vastabat
853 5246 955 5320 ilespe·
1007 5237 1151 5309 metipsum
1173 5241 1344 5297 ¹⁰0¹¹³⁵¹elfi⁸
1367 5242 1506 5313 Plurimi&
1529 5262 1589 5317 anae
1614 5248 1671 5320 ipse
1694 5254 1803 5323 imbria

157 5333 215 5391 ηπ,
231 5334 333 5391 nomm
353 5336 434 5405 jgpgm·
453 5337 573 5392 omnium
593 5337 726 5394 mamm
742 5338 871 5395 immensa
887 5354 953 5395 coo·
1009 5329 1148 5386 uoluntate
1165 5331 1192 5388 in
1207 5330 1502 5407 Constantinopolitana
1525 5339 1593 5396 urbe
1612 5342 1761 5413 coustituit,
1774 5354 1803 5403 et

157 5423 240 5481 fluxio
252 5425 327 5482 breti
340 5434 461 5496 tempore
472 5436 600 5494 generata
615 5436 665 5483 est.
682 5425 784 5495 Quarto
798 5428 869 5483 enim
881 5441 953 5483 annio
1006 5423 1093 5494 pactis
1106 5423 1294 5495 cpiscoporum
1309 5427 1336 5481 in
1351 5428 1462 5484 circuitu
1477 5431 1634 5501 positorum,
1648 5433 1803 5505 ireoucmer

157 5527 220 5586 post
232 5516 391 5574 §applicem
403 5519 557 5584 concilium·
578 5520 635 5574 haec
650 5529 708 5575 3012
723 5528 872 5575 noscuntur
885 5535 952 5575 ρο...
1006 5510 1104 5567 dicitur
1118 5510 1245 5570 afflixisse
1259 5514 1334 5571 Pauli
1346 5516 1471 5587 damnata
1486 5521 1630 5593 sapientiis.
1642 5520 1675 5576 Ei·
1686 5524 1801 5595 primunr

155 5609 243 5664 sulatu
257 5609 344 5678 Sergii
356 5618 384 5665 et
395 5609 513 5679 Nigriani
526 5610 564 5680 (id
573 5619 612 5665 eet
626 5627 695 5667 anno
715 5610 791 5666 hom.
813 5609 887 5681 eso).
905 5612 952 5668 liis
1005 5603 1114 5673 quidem
1125 5606 1228 5675 expulit
1241 5621 1290 5663 eos
1304 5622 1337 5663 ex
1351 5609 1483 5677 ecclesiis,
1496 5610 1593 5667 deinde
1606 5627 1671 5669 vero
1681 5629 1801 5670 muamu-

156 5695 247 5764 itanne
261 5698 362 5753 nuntiis
375 5699 521 5769 apparebat
534 5699 597 5767 onnia
611 5699 645 5753 ad
661 5700 847 5755 Constantium
863 5703 950 5757 solnm
1006 5693 1098 5749 dicare
1112 5695 1163 5750 sibi
1176 5699 1275 5767 coegit,
1292 5699 1327 5753 ita
1345 5705 1373 5753 ul
1391 5699 1498 5770 plurimi
1517 5701 1654 5773 plagarum
1674 5706 1799 5762 inimani·

82 5789 92 5807 ·
151 5784 261 5875 imperii
274 5784 334 5854 iura
352 5788 550 5858 pervenisseut3
570 5802 625 5859 quo
644 5799 784 5861 provectu,
798 5800 891 5847 coiitra
907 5800 950 5863 ty·
1006 5794 1062 5842 tate
1086 5784 1243 5856 delicerent,
1269 5789 1313 5844 aiii
1338 5805 1403 5846 vero
1425 5792 1591 5864 substantiis,
1615 5795 1661 5851 alii
1683 5797 1798 5855 humana
