4059 6184
108 398 154 454 sss
651 396 811 472 rttsronte
829 397 1047 456 retentura.
1068 357 1169 456 steen
1185 399 1206 456 t.
1682 402 1734 457 eor
1794 368 1796 371 ’

33 513 35 570 l
108 513 131 568 in
144 507 241 582 prael-iis
254 507 381 563 adversus
394 507 558 579 alienigenas
572 512 744 581 praeparatis,
757 519 786 565 ut
809 511 890 565 etiam
904 515 929 574 Α
942 514 1122 570 consisterent
1137 532 1144 569 :
1163 515 1208 585 qui
1222 528 1287 570 vero
1301 512 1370 570 illios
1382 528 1437 571 nou
1454 513 1623 588 habuissent,
1634 519 1735 576 medie·

33 641 34 656 a
107 604 238 659 Sarmatas
250 603 388 672 uinceret,
410 606 495 673 etqui
511 615 640 661 vocantur
653 605 745 673 Gothi,
763 616 825 662 tunc
839 622 891 661 no·
908 636 921 648 ν
945 614 1027 661 tatem
1045 607 1200 663 relictorum
1219 606 1327 663 sibimet
1339 608 1507 665 amittebant.
1523 610 1674 668 Posuerunt
1687 628 1736 669 aa·

105 694 208 750 rissirne
227 690 307 750 caiisa
322 695 416 762 gratiae
430 695 501 766 apud
514 695 695 752 eum·itedera
711 696 891 754 celebrarent.
935 681 996 753 ‘tem
1011 699 1061 755 has
1074 699 1145 769 leges
1157 699 1277 767 antiqui,
1289 699 1411 754 volentes
1422 698 1535 756 Romam
1551 716 1610 758 esse
1621 699 1736 774 populo·

33 775 34 786 ²
106 785 330 853 llecautemgeus
342 784 481 840 habitabat
495 795 559 842 tunc
572 785 679 855 quidem
696 794 768 843 trans
782 786 891 842 fluvium
941 805 1009 856 sant,
1021 806 1182 861 omuernque
1194 799 1292 847 terram
1304 791 1497 862 subjectam,et
1510 794 1636 863 quianon
1649 795 1735 851 multo

104 876 204 932 istrum.
226 875 346 945 Cumque
357 884 429 931 esset
440 877 467 932 in
481 876 559 933 bellis
569 892 663 948 prona,
680 885 707 930 et
722 876 892 934 multitudine
941 888 1004 936 ante
1016 881 1065 936 has
1076 881 1148 950 leges
1169 883 1299 951 plurimos
1312 882 1339 937 in
1353 883 1476 940 civilibus
1486 884 1563 941 hellis
1575 885 1731 944 amiserant.

105 978 178 1037 atquae
202 965 385 1036 magnitudine
401 982 546 1037 corporum
567 967 649 1022 arratis
669 983 776 1037 semper
788 968 892 1024 exerei·
940 971 1041 1029 videns
1056 974 1136 1043 igitur
1149 974 1296 1045 imperator
1308 974 1490 1033 ideireomale
1504 977 1616 1033 tractari
1630 979 1734 1048 eosqui

104 1067 167 1122 tator
192 1057 254 1113 aliis
265 1057 374 1127 quidem
387 1056 509 1112 barbaris
523 1056 700 1127 praevalebam
713 1056 787 1112 solos
801 1065 890 1112 autern
941 1071 1053 1134 propter
1075 1063 1159 1119 Deum
1181 1065 1327 1134 virginitati
1349 1072 1377 1122 et
1397 1065 1457 1122 sine
1471 1067 1562 1123 liberis
1572 1082 1631 1124 esse
1644 1053 1736 1124 stude·

104 1149 214 1205 babebat
227 1146 365 1203 Romanos
378 1148 487 1203 sibimet
499 1157 690 1219 repugnantes.
706 1147 804 1203 Fertur
817 1149 890 1204 enim
940 1152 1021 1220 bant,
1037 1152 1139 1209 fatuum
1151 1154 1282 1225 judicavit
1299 1155 1437 1225 diligentia
1452 1165 1479 1214 et
1492 1156 1582 1214 studio
1595 1158 1734 1215 hominum

103 1243 177 1297 etiarn
192 1248 219 1297 et
240 1242 293 1297 hoc
309 1241 403 1312 praelio
422 1241 635 1296 demonstratum
649 1238 827 1297 Constantino
842 1257 891 1311 per
940 1244 1025 1299 virleri
1044 1261 1138 1302 eorum
1155 1248 1246 1316 angeri
1257 1262 1358 1318 genus;
1372 1264 1433 1305 cum
1456 1256 1675 1328 naturasemper
1687 1265 1734 1307 su·

103 1334 169 1404 signa
180 1341 261 1404 atque
275 1334 379 1389 sennua
389 1342 489 1402 quanta
501 1331 550 1387 bei
562 1332 729 1403 providentia
739 1342 887 1402 regeretur.
940 1352 1023 1408 perna
1051 1337 1239 1394 distributione
1261 1339 1465 1395 diminutionem
1479 1339 1611 1411 suscipiat
1624 1350 1653 1397 et
1666 1354 1734 1411 aug-

102 1425 145 1492 eut
169 1441 232 1481 eum
251 1432 407 1495 superasset
425 1424 516 1479 omnia
540 1423 610 1479 bella
633 1439 693 1494 quae
715 1425 767 1479 sub
779 1439 812 1478 en
827 1432 890 1479 suut
940 1437 1070 1482 mentum.
1087 1427 1120 1483 Et
1135 1428 1223 1498 legem
1241 1430 1339 1500 popolo
1354 1431 1496 1501 proposuit
1510 1432 1652 1498 universo,
1666 1447 1734 1501 qua·

101 1525 169 1586 gesta
185 1516 247 1589 (An.
261 1514 340 1570 bom.
356 1514 442 1585 533),
460 1515 543 1571 veluti
556 1530 704 1585 repensans
727 1512 845 1580 Christo,
861 1514 888 1570 in

941 1525 1019 1572 tenus
1032 1517 1179 1584 aeqtralibus
1193 1518 1341 1588 privilegiis
1362 1517 1515 1575 iruereutur
1527 1519 1575 1590 qui
1589 1519 1649 1576 sine
1666 1535 1734 1576 eon-

101 1609 152 1677 ejns
164 1606 301 1676 religionis
312 1605 403 1662 studio
413 1605 498 1676 magis
510 1607 649 1676 magisque
663 1605 784 1661 fervebat
796 1614 809 1657 z·
818 1605 889 1660 hanc
936 1607 1046 1678 iugibus
1060 1616 1088 1664 et
1102 1609 1194 1665 liberis
1207 1619 1293 1676 erant,
1303 1611 1400 1681 quibus
1410 1611 1448 1666 illi
1461 1613 1508 1682 qui
1520 1613 1579 1669 hec
1591 1627 1622 1669 se
1631 1613 1733 1668 habere

99 1700 177 1754 etiarn
192 1713 283 1752 reram
303 1694 439 1751 intendam
457 1710 518 1752 esse
531 1704 558 1751 et
572 1695 719 1751 salutarem
733 1694 888 1749 existimare
938 1697 1100 1767 gaudebant.
1123 1698 1177 1754 Sed
1201 1699 1283 1754 etiam
1302 1700 1418 1771 amplius
1442 1701 1543 1758 habere
1561 1701 1675 1758 saucivit
1686 1717 1735 1757 eos

99 1790 227 1857 subjectos
235 1789 341 1857 jubens.
357 1786 396 1842 Et
408 1797 480 1842 terra
494 1803 561 1843 aero
574 1787 681 1844 subdita
692 1786 760 1851 sibi,
775 1801 809 1841 ex
820 1801 887 1841 una-

939 1788 984 1858 qui
999 1790 1026 1843 in
1041 1790 1379 1864 continentiae-virginitate
1389 1792 1533 1863 degebant,
1548 1792 1684 1852 licentiam
1694 1794 1735 1853 eis

98 1896 199 1951 quaque
211 1880 319 1935 civitate
333 1879 491 1948 detrahens,
502 1879 638 1950 publicum
650 1890 807 1948 certumque
820 1877 884 1950 [ed.,
902 1881 925 1941 B
938 1879 1061 1949 praebens
1076 1875 1201 1934 masculis
1215 1878 1384 1952 seminisque,
1399 1880 1462 1938 lieet
1475 1890 1555 1938 aetate
1570 1883 1733 1952 minoribus,

97 1971 208 2041 publico,
222 1981 345 2038 eertum,
360 1967 428 2041 eta]
442 1968 557 2039 vectigal
577 1969 697 2024 eeclesiis
712 1967 886 2038 provinciali·

97 2064 142 2118 bus
162 2063 290 2134 cleroque
313 2061 464 2129 distribuit,
487 2070 515 2117 et
535 2060 709 2116 donationem
723 2059 839 2115 validam
859 2059 886 2114 in

98 2163 249 2224 perpetuum
265 2168 326 2208 esse
340 2152 462 2207 sancivit.
484 2150 651 2207 desuescens
665 2159 756 2206 autem
771 2150 885 2216 milites,

98 2253 133 2312 ut,
155 2244 225 2298 sieut
246 2243 315 2313 ipsc,
342 2241 427 2297 bcum
444 2241 576 2312 colerent,
599 2241 675 2312 signo
691 2240 777 2298 crucis
791 2255 886 2298 eorum

97 2349 164 2389 artua
176 2334 310 2403 signabat.
324 2330 353 2388 lu
369 2332 504 2402 regalibus
518 2346 627 2402 quoque
641 2330 789 2388 oratorium
806 2329 886 2384 labri·

95 2434 177 2495 catus,
190 2425 272 2480 ctiam
283 2421 485 2480 tabernaculum
496 2421 530 2477 ati
545 2422 629 2477 instar
644 2421 764 2477 eeclesia!
774 2421 886 2476 eircum-

96 2515 191 2571 lrebat
203 2516 267 2570 dum
282 2515 411 2569 aduersus
424 2514 516 2570 hostes
529 2520 778 2578 castrametaretur;
794 2515 886 2581 quate

95 2622 140 2661 uns
156 2606 249 2661 necin
264 2604 360 2660 itincre
383 2604 485 2674 degens
497 2605 574 2674 ipse,
595 2603 637 2658 vel
651 2603 786 2659 exereitus
808 2615 885 2657 sacro

94 2697 190 2752 lumine
213 2696 396 2767 privarentur,
419 2711 473 2766 quo
496 2693 607 2749 deceret
620 2692 725 2748 laudari
739 2692 841 2754 Deum,
857 2698 885 2747 et

94 2790 227 2845 orationes
239 2787 330 2844 offerri
338 2787 427 2861 illes,
438 2788 598 2844 decerneret
607 2786 751 2843 laudare...
764 2777 884 2860 offerre}

91 2879 277 2953 Sequebantur
289 2887 379 2935 autem
394 2878 495 2949 pariter
505 2876 661 2934 sacerdotes
677 2876 824 2960 etltliaeoui
842 2884 885 2932 ta·

91 2969 235 3025 bernaculo
248 2968 408 3033 servientes,
422 2968 468 3037 qui
480 2965 627 3022 seeundum
642 2964 728 3034 legem
743 2965 887 3021 eeclesias·

92 3059 169 3114 ticam
194 3073 335 3116 sacrorum
349 3059 458 3114 ordines
471 3057 664 3127 adimplebant.
680 3055 721 3111 Ex
734 3056 781 3112 illo
794 3065 884 3113 autem

90 3148 271 3207 humanorum
283 3149 430 3215 cobortes,
445 3161 505 3218 quae
519 3162 591 3202 nune
603 3144 712 3202 Nurueri
725 3161 884 3218 nuncupan-

939 1976 1129 2024 testamentum
1143 1968 1233 2025 iacere
1245 1979 1338 2026 contra
1350 1985 1521 2028 communem
1530 1972 1628 2044 legem.
1635 1972 1735 2029 Omnes

938 2057 1010 2113 enim
1034 2058 1105 2113 benc
1128 2059 1249 2129 cogitare
1267 2058 1408 2128 judicarit,
1426 2075 1541 2129 quorum
1567 2078 1636 2134 opus
1661 2073 1736 2121 esset

937 2147 1022 2204 beum
1035 2147 1142 2222 placare
1155 2163 1263 2218 semper
1277 2157 1305 2204 et
1317 2149 1495 2221 philosophiae
1509 2153 1602 2210 veraci
1623 2168 1730 2211 vacare.
1824 2184 1829 2192 ·

937 2238 1023 2308 liuius
1036 2240 1108 2295 cuitu
1122 2240 1161 2296 rei
1176 2255 1256 2297 eausa
1270 2250 1298 2297 et
1307 2243 1411 2314 antiqui
1421 2242 1607 2301 Romanorum
1622 2246 1735 2303 beenter

937 2331 1028 2386 testati
1038 2330 1156 2400 virgines
1170 2330 1293 2388 Vestales
1306 2332 1387 2389 etiam
1403 2342 1481 2392 sexto
1494 2336 1583 2393 atatis
1596 2339 1734 2394 curriculo

937 2422 1126 2478 decreverunt.
1145 2419 1280 2479 iudicium
1294 2423 1386 2493 itaque
1406 2425 1553 2480 maximum
1575 2428 1734 2485 reverentiae

935 2514 973 2586 pii
988 2515 1118 2585 principis
1131 2514 1202 2570 circa
1216 2514 1373 2584 religionem
1389 2515 1439 2572 luit
1448 2518 1525 2588 :quia
1536 2517 1635 2590 ubique
1648 2501 1733 2576 admi·

937 2605 1109 2661 nistrantium
1123 2606 1271 2661 sententias
1285 2603 1457 2676 imperfectas
1468 2622 1529 2663 esse
1542 2597 1639 2678 noluit,
1652 2618 1681 2665 et
1696 2611 1732 2665 ad

936 2697 1080 2768 episcopos
1094 2710 1143 2765 per
1163 2694 1373 2766 appellationem
1393 2694 1582 2767 refugiendum
1596 2713 1656 2756 esse
1670 2715 1734 2755 san·

936 2788 1017 2853 cinit,
1033 2788 1056 2843 si
1071 2788 1117 2859 qui
1130 2786 1231 2844 vellent
1244 2786 1339 2844 civiles
1351 2786 1459 2858 judiees
1473 2787 1592 2845 relatore
1606 2807 1613 2843 :
1629 2787 1733 2846 firmam

937 2896 1002 2938 tero
1027 2880 1133 2936 illorum
1146 2878 1270 2949 judicans
1284 2878 1445 2934 seutentiam
1459 2879 1550 2949 potius
1564 2894 1644 2949 quam
1657 2878 1732 2949 judi·

936 2984 998 3026 cum
1012 2968 1126 3025 aliorum
1140 3008 1149 3034 ,
1162 2976 1192 3023 et
1202 3007 1210 3035 ,
1222 2975 1350 3037 tauquam
1362 2967 1396 3023 ab
1411 2968 1574 3038 imperatore
1588 2969 1732 3039 prolatam,

937 3063 971 3118 ab
985 3062 1110 3119 omnibns
1136 3059 1352 3128 observandam,
1372 3067 1401 3117 et
1424 3061 1648 3118 inconvertibiles
1671 3078 1732 3118 esse

937 3155 1068 3209 terminos
1080 3151 1233 3224 synodales.
1249 3150 1317 3206 illud
1330 3166 1438 3222 quoque
1456 3167 1507 3208 nos
1523 3153 1676 3222 relinquere
1691 3152 1733 3206 di-

89 3249 148 3308 tur,
172 3241 287 3311 Sibliblae
309 3239 434 3297 fecerum
454 3237 657 3294 tabernaculum
683 3237 834 3309 imprium.
855 3246 919 3311 etc
936 3258 1018 3314 gnum
1033 3251 1151 3310 nonest,
1167 3241 1239 3314 quod
1253 3257 1303 3312 pro
1314 3242 1430 3299 utilitate
1441 3243 1572 3299 sancitum
1586 3235 1627 3298 e'st
1638 3260 1732 3302 eorum

87 3333 242 3390 sacerdotes
256 3343 337 3402 atque
353 3332 482 3388 diaconos
495 3330 654 3386 distributos
669 3328 814 3384 habebant.
835 3328 884 3384 bie
937 3334 1024 3405 quiin
1045 3332 1172 3390 Ecclesiis
1185 3334 1421 3389 manumittuntur.
1439 3331 1506 3389 Cum
1522 3343 1634 3404 propter
1647 3336 1733 3389 subti-

85 3437 149 3479 rero
162 3424 210 3492 qui
233 3421 383 3477 dontinicus
405 3429 527 3488 vocatur,
551 3433 631 3489 quem
646 3417 753 3474 Hebraei
768 3418 883 3489 primum
936 3426 1040 3481 litatem
1054 3426 1142 3496 legum
1164 3426 1247 3481 etiam
1261 3425 1337 3496 inriti
1361 3441 1531 3497 possessores
1545 3426 1731 3484 dittleultatem

86 3523 186 3572 vocant
200 3558 208 3583 ,
224 3513 311 3571 Graeci
326 3523 416 3569 autem
431 3513 481 3569 soli
507 3512 691 3576 distribuunt,
706 3511 794 3583 etqui
821 3520 884 3568 aute

84 3609 230 3681 septimum
242 3608 330 3681 estlid
345 3616 382 3661 est
395 3606 462 3660 diem
472 3601 608 3675 *Venetici
622 3602 737 3660 sancivit
749 3618 765 3659 a
775 3601 884 3673 judiciis

84 3700 200 3771 aliisque
214 3699 303 3756 causis
317 3698 457 3753 universos
480 3696 580 3752 habere
594 3682 783 3761 vacationem,
807 3702 836 3750 et
855 3695 882 3750 iu

83 3808 118 3847 eo
141 3800 250 3847 mutum
273 3789 441 3846 orationibus
462 3785 603 3856 occupari'
622 3784 778 3840 Honorabat
792 3793 882 3840 autem

83 3882 251 3938 dominicum
273 3879 357 3946 dicut,
379 3879 440 3950 quia
462 3879 487 3931 ia
503 3894 537 3932 en
559 3876 682 3932 Christus
703 3877 882 3932 resurrexita

82 3976 214 4040 mortuis;
229 3974 312 4028 alium
334 3987 408 4035 vero,
429 3970 491 4034 «ruia
512 3969 539 4023 iu
564 3984 599 4024 eo
619 3967 709 4024 luerat
725 3967 880 4024 crucifixus.

81 4067 230 4123 blasimam
250 4079 368 4134 natuque
387 4062 520 4119 culturam
533 4061 721 4118 sacratissimae
731 4061 819 4117 crucis
834 4061 882 4116 ha·

934 3523 1175 3594 paterenturcirca
1196 3521 1333 3578 dationem
1348 3520 1470 3580 melioris
1482 3521 1625 3588 libertatis,
1650 3538 1731 3592 quam

933 3614 1088 3672 civilitatem
1102 3614 1251 3671 Romanam
1266 3621 1381 3681 vocant,
1394 3621 1451 3671 tres
1470 3614 1562 3684 posuit
1578 3613 1668 3682 leges:
1684 3612 1732 3668 de-

933 3721 1048 3766 cernens
1061 3721 1156 3762 omnes
1175 3706 1201 3761 in
1216 3705 1338 3762 ecclesiis
1348 3704 1528 3760 manumissos
1541 3704 1591 3759 suh
1607 3704 1732 3758 testimo·

933 3799 980 3854 nio
992 3799 1178 3864 sacerdotum,
1194 3813 1243 3870 per
1256 3797 1327 3853 hanc
1341 3797 1412 3869 pianr
1440 3795 1659 3852 adinventionem
1673 3795 1728 3850 lto·

933 3908 1012 3948 mana
1026 3893 1155 3948 civilitate
1179 3890 1230 3946 lrui
1244 3909 1252 3958 ;
1274 3890 1351 3961 eujus
1364 3889 1492 3947 iudicium
1512 3905 1633 3960 praesens
1646 3890 1729 3944 etiam

932 3993 1039 4054 tempus
1065 3991 1166 4041 servat.
1187 3981 1255 4036 Nam
1274 3981 1357 4036 moris
1385 3988 1444 4036 erat
1469 3979 1503 4036 de
1519 3980 1642 4035 libertate
1659 3980 1732 4048 leges

931 4075 1047 4144 scriptas
1061 4075 1088 4129 iu
1103 4071 1361 4129 manumissionibus
1383 4071 1523 4141 anteponi.
1537 4069 1732 4130 Constantinus

82 4159 177 4228 behet,
190 4168 246 4212 ‘³¹¹¹
261 4172 312 4229 1)10
327 4155 359 4211 ¹5⁵
369 4170 429 4234 quae
447 4154 472 4209 θῑ
488 4168 617 4224 lll⁰⁵llere
630 4163 811 4223 imbiberam
824 4151 882 4221 05⁰⁸
932 4166 1013 4236 igitur
1029 4166 1099 4221 hane
1112 4162 1225 4222 studens
1238 4178 1305 4220 sane
1319 4165 1346 4219 in
1366 4163 1492 4220 omuibus
1506 4163 1655 4219 honorabat
1670 4162 1732 4217 reli·

78 4248 223 4334 ausilioin
239 4248 339 4321 praeliis
352 4244 626 4302 eontraadversarins
640 4237 785 4310 insdtutis,
798 4258 879 4314 quam
931 4258 1055 4328 gionem
1079 4264 1139 4312 mg
1164 4256 1266 4328 quipp,
1289 4264 1318 4312 gg
1340 4270 1390 4327 pgr
1411 4256 1585 4328 semetipsam
1613 4253 1731 4322 gloriosa

78 4357 128 4410 110
144 4340 250 4396 indic&
263 4338 336 4409 (111οὖ
349 4338 375 4394 θῑ
387 4335 517 4394 1111Ῑῦ11ΰῦ
530 4350 581 4407 1³¹⁰
593 4349 626 4390 0³
640 4334 779 4390 Videbam?
793 4342 882 4390 051911·
931 4357 1043 4418 propter
1057 4347 1184 4401 virtutem
1196 4346 1374 4417 plurimorum
1390 4352 1454 4400 tunc
1470 4343 1496 4398 in
1513 4359 1544 4398 ea
1557 4343 1728 4413 pollentium.

75 4450 149 4489 sum.
167 4432 292 4504 benique
303 4430 461 4502 supplicium
477 4428 575 4492 erucis,
586 4426 659 4500 quod
675 4426 798 4496 primitus
810 4425 881 4497 apud
931 4440 1082 4510 goma„
1092 4438 1137 4495 qe,
1151 4455 1172 4508 t,
1187 4456 1244 4509 αφ,
1260 4437 1289 4509 9,
1300 4455 1327 4510 p,
1340 4437 1404 4494 ng,

77 4528 223 4581 romanos
234 4531 292 4578 erat
306 4522 333 4577 iu
348 4537 414 4588 usu,
432 4519 490 4590 lege
503 4519 649 4590 prohibuit.
669 4518 698 4572 ln
714 4515 881 4585 liguratinni·
1246 4568 1361 4627 CAPUT
1379 4568 1405 4624 x

74 4618 126 4674 bus
140 4623 239 4674 autem
261 4613 409 4671 solidomm
433 4621 462 4669 et
476 4613 502 4667 in
527 4611 687 4683 imaginibus
707 4611 759 4667 hoe
772 4611 917 4690 signum„

71 4706 157 4774 iussit
172 4704 287 4761 inscribi
299 4718 407 4774 semper
419 4711 447 4759 et
461 4699 580 4773 figurari,
596 4711 626 4756 nt
640 4709 774 4756 testamur
784 4701 878 4756 haere.
957 4686 997 4742 De
1011 4687 1120 4742 diecrue
1135 4681 1326 4757 conlusoribus
1336 4698 1473 4755 eorumque
1486 4682 1690 4737 conuersatione.

71 4798 208 4869 anseius
230 4796 362 4867 imagines
374 4797 427 4852 hoc
439 4796 576 4852 schemate
589 4793 733 4851 decorata.
750 4793 779 4850 ln
792 4793 881 4850 omni·
964 4797 1058 4872 ltaque
1083 4797 1316 4870 persecutionibus
1340 4796 1395 4867 jam
1422 4797 1610 4865 cessantibus,
1640 4796 1728 4852 adhuc

70 4893 123 4946 bus
137 4888 280 4960 siquidem
293 4888 394 4954 rebus,
408 4889 545 4958 precipue
559 4896 648 4941 tannen
659 4886 687 4940 in
703 4884 879 4955 legislatioui·
929 4889 1007 4945 multi
1020 4889 1207 4946 comessorum
1221 4887 1380 4960 superstites
1394 4885 1457 4943 Eecl
1476 4888 1529 4942 sias
1544 4888 1725 4950 exornatarum

68 4984 134 5058 ¹⁵9⁵·
162 4981 297 5038 studebat
324 4980 432 5051 placare
455 4979 637 5035 birinitatem.
663 4977 783 5049 Apparet
808 4976 880 5041 enim
931 4988 962 5034 ut
971 4978 1022 5035 luit
1032 4977 1110 5036 Ostur
1122 4977 1253 5035 Cordubae
1273 4977 1410 5051 pontifex,
1426 4984 1454 5032 et
1466 4976 1599 5047 hutpbion
1611 4974 1728 5044 Epipha-

68 5074 235 5132 luxuriosas
260 5082 289 5130 et
310 5073 387 5129 ualde
412 5071 499 5128 laruas
521 5072 718 5143 pcrrnirtioues
736 5076 800 5126 ante
817 5085 880 5126 curn
931 5071 1000 5126 neiae
1012 5069 1124 5133 Cilicia,
1136 5077 1165 5125 et
1177 5067 1319 5136 llarimus,
1332 5067 1379 5138 qui
1392 5075 1453 5139 post
1466 5066 1611 5121 bacarium
1627 5063 1726 5124 lliern-

66 5181 124 5223 nou
140 5163 314 5238 prohibitas,
330 5172 395 5220 tunc
415 5165 497 5219 baisse
519 5170 674 5229 correctas,
690 5163 759 5219 sicut
771 5177 804 5218 cx
816 5161 881 5232 ipsis
930 5145 1096 5233 solymomm
1110 5159 1196 5218 tenuit
1208 5158 1391 5230 praesulatum,
1416 5165 1444 5212 et
1466 5155 1631 5226 Paphnutius
1645 5154 1726 5225 AEgr·

65 5276 140 5330 quas
153 5258 255 5329 posuit
277 5255 692 5325 legibusiureuitur.Setinunc
712 5253 878 5326 quaeadbn·
930 5251 1016 5323 ptius,
1039 5265 1089 5322 per
1115 5249 1285 5321 quemaiunt
1304 5248 1418 5321 plurima
1442 5246 1739 5334 miraculaoperatnu
1822 5265 1827 5274 ·

64 5363 172 5404 norem
190 5355 222 5402 et
241 5353 342 5400 statum
365 5345 503 5414 religionis
518 5345 551 5402 ab
565 5360 599 5400 eo
620 5346 723 5399 sancita
738 5351 801 5399 sunt
814 5359 880 5413 pan·
931 5343 1028 5412 Deum,
1043 5341 1233 5411 demonesque
1245 5341 1401 5410 subjecisse,
1422 5333 1610 5409 variarumque
1621 5341 1725 5411 passin-

64 5443 136 5496 rlere
160 5438 351 5494 necessarium
365 5446 423 5502 est,
439 5454 499 5493 euru
514 5447 676 5506 partesesse
691 5436 881 5491 ecclesiastieae
931 5419 995 5491 num
1009 5434 1178 5491 condonasse
1200 5435 1224 5490 ei
1248 5434 1387 5492 sanitates.
1414 5432 1513 5487 Feruttt
1539 5425 1728 5503 autem'quod

66 5532 230 5590 rideantur
242 5529 369 5584 historiae.
394 5530 545 5590 Sozousa„
560 5527 606 5581 tid.
623 5543 642 5598 t,
657 5544 716 5599 cup.
732 5526 764 5593 8,
778 5542 806 5597 p.
817 5524 878 5582 1119.
934 5515 1101 5596 Paphnutius
1115 5533 1142 5581 et
1156 5523 1288 5579 blarimus
1311 5539 1345 5580 ex
1366 5523 1418 5581 illis
1445 5524 1644 5579 corriessoribus
1668 5521 1726 5577 iutr-

103 5627 198 5700 Apud
214 5623 351 5679 bertranus
365 5623 464 5678 dudum
479 5621 528 5676 luit
539 5622 602 5686 lex,
618 5636 634 5677 a
649 5620 778 5691 vigesimo
790 5620 884 5690 quinto
936 5624 1000 5672 ruat
1014 5631 1083 5687 quos
1096 5614 1257 5672 hierimiuus
1273 5614 1419 5687 imperator
1432 5614 1457 5670 in
1473 5614 1587 5671 ruttallis
1599 5616 1632 5668 ad
1643 5630 1724 5682 opera

59 5740 145 5779 aratro
164 5734 229 5774 uon
240 5715 372 5772 habentes
386 5730 483 5771 uxores
497 5711 671 5785 prohibensa
684 5712 830 5786 privilegiis
840 5712 885 5768 ha·
936 5710 1087 5766 exercenda
1101 5707 1247 5772 damnavit,
1259 5708 1354 5764 oeulos
1368 5721 1461 5763 eorum
1476 5706 1585 5764 dextros
1596 5705 1726 5771 evellens,
1745 5697 1750 5710 '
1795 5737 1798 5746 ·

59 5813 208 5878 lentium
222 5807 364 5878 corrjuges;
380 5805 427 5863 sed
440 5814 467 5860 et
481 5805 534 5862 alia
553 5804 637 5859 nttrlta
649 5806 757 5876 rubens,
773 5813 801 5861 ut
816 5804 882 5860 nihil
933 5800 1093 5857 etsinistras
1104 5816 1183 5859 suras
1198 5799 1329 5857 incidens.
1341 5799 1498 5864 Socratem,
1515 5798 1560 5853 lli.
1575 5814 1594 5864 t,
1605 5813 1664 5866 rap.
1681 5794 1726 5870 lt),

55 5911 99 5970 t‘tt
117 5910 300 5964 testamento
320 5899 504 5965 lucrarentur,
517 5896 579 5953 licet
592 5898 765 5967 proximitate
776 5896 882 5969 generis
932 5906 961 5963 p.
977 5891 1040 5948 tlt.
