4059 6184
151 318 204 381 tm
614 311 1323 384 sntoosunsutntaunruucurruuunus.
1740 327 1809 386 sss-³

149 448 259 510 gantctu
278 437 413 511 quiapost
427 437 820 511 naitatcmaiiquidadrersum
834 440 942 498 beatum
955 441 981 504 Α
994 456 1141 513 mma.
1158 440 1208 498 libi
1229 443 1345 514 primum
1366 441 1510 515 diligenter
1532 437 1576 502 est
1599 441 1792 503 attendendum

148 529 279 602 liyriiiuar
293 528 392 586 dixerit
401 529 543 599 epistolum
558 545 611 587 rton
623 545 749 602 negasse,
764 547 824 604 qum
837 540 898 603 post
911 530 945 588 ii·
994 533 1069 604 quod
1081 541 1142 604 post
1156 524 1256 590 iccium
1270 533 1304 590 ad
1318 533 1413 590 ilarim
1426 533 1536 591 Persam
1547 535 1657 607 scriptae
1670 536 1792 606 epistota

148 619 203 681 fatu
226 623 377 679 unitionem
405 620 465 691 eins
488 620 615 691 dogmata
629 622 723 678 detuit
736 637 795 679 esse
806 622 943 680 barenes.
994 633 1111 696 textum,
1124 625 1248 684 eamdem
1261 628 1404 699 epistolam
1413 627 1520 699 judices
1530 629 1556 684 iu
1566 627 1740 686 Chalcedona
1750 641 1793 685 re-

147 715 205 771 fiisi
221 713 292 769 forte
303 713 401 786 aiginis
415 713 451 768 ita
467 714 501 769 ab
513 714 624 770 bomani
635 729 731 771 sensus
744 714 849 771 ratione
858 714 946 771 dirce·
994 718 1115 775 sidentes
1124 734 1173 775 suo
1183 720 1332 791 probantur
1342 722 1464 777 omisisse
1475 720 1590 788 silentio,
1601 721 1700 793 quippe
1709 735 1792 791 quam

146 808 206 874 dat,
220 814 250 862 ut
260 805 355 861 credat
367 803 441 859 ibam
451 804 517 860 niirii
530 804 564 861 de
574 805 654 862 beatu
661 805 763 878 Cyriilo
772 801 872 863 ussisse
884 820 950 862 con·
995 812 1298 882 noveranttoticnsjam
1309 814 1428 869 accusati
1438 813 1626 883 negationibus
1636 812 1790 869 refutatam.

148 899 274 964 ararium,
291 897 315 953 si
337 913 399 953 eum
422 897 548 954 heretica
572 898 764 970 conscripsisse
778 905 902 963 testetur,
918 903 947 952 et
995 901 1064 959 iiam
1078 904 1104 960 si
1113 904 1242 963 uidissent
1256 906 1282 962 in
1292 921 1325 962 ea
1335 921 1396 963 esse
1409 906 1509 977 aliquid
1522 907 1593 975 qood
1606 906 1661 964 ibas
1671 907 1791 978 episcopi

146 991 220 1048 cirea
244 989 305 1060 ejus
328 1004 472 1061 personam
495 990 642 1045 arbitretur
661 990 786 1046 cumdem
798 989 872 1047 ibam
885 1003 945 1047 ser·
996 993 1160 1052 absolutioni
1172 995 1326 1067 proliceret,
1342 1011 1406 1053 mox
1419 998 1480 1068 ejus
1494 997 1611 1055 lectione
1622 997 1736 1071 permoti
1747 997 1793 1053 de·

148 1093 228 1138 tasse
240 1082 437 1147 reuerentiam
453 1082 475 1137 si
494 1089 616 1138 sanctam
629 1083 854 1153 doctrinamque
866 1097 945 1138 rere·
995 1097 1139 1146 cernerent
1153 1088 1251 1146 frustra
1266 1100 1480 1148 amnsatoresex
1493 1091 1715 1162 gestisPirotiiet
1737 1089 1792 1145 Eu·
1883 1131 1889 1142 ,

147 1172 249 1229 rendns
262 1181 305 1228 cst
316 1172 450 1240 omnibus,
465 1174 611 1230 accusarit
627 1173 715 1244 Atque
734 1173 797 1231 ideo
818 1175 840 1230 si
854 1174 946 1245 singu·
995 1179 1088 1236 statbii
1101 1180 1343 1253 episcoporumpro
1353 1182 1467 1238 crimine
1485 1183 1620 1239 haereseos
1634 1182 1679 1239 iiia
1691 1182 1792 1254 produ·

148 1260 214 1319 iaris
227 1263 303 1318 boati
315 1262 409 1334 Cpriiii
431 1262 527 1333 iniuria
549 1272 592 1320 est
609 1264 668 1334 ejus
691 1262 835 1322 damnasse
845 1264 947 1322 doctri-
995 1284 1070 1336 cere,
1084 1271 1183 1341 quibus
1195 1273 1349 1329 econtrario
1368 1272 1428 1329 ibas
1441 1274 1587 1345 episeopus
1599 1273 1792 1330 ostendebatur

148 1371 222 1419 nam,
237 1363 266 1412 et
278 1356 413 1412 haereseos
425 1365 519 1427 aperta
537 1355 643 1411 videtur
665 1355 798 1427 professio
813 1356 947 1428 prmttca-
997 1360 1174 1428 orthodoxus,
1191 1369 1329 1432 postremo
1339 1378 1389 1420 nec
1399 1363 1525 1433 juberent
1537 1365 1593 1419 suis
1607 1362 1793 1420 interlocutio·

148 1448 216 1504 tiusi
233 1447 368 1517 derogare
380 1448 530 1515 maeotim,
547 1448 570 1504 si
583 1447 636 1505 ibe
646 1447 808 1519 probaretur
820 1447 945 1520 epistola,
997 1448 1077 1506 nibus
1089 1447 1287 1507 Edesscoorum
1296 1452 1437 1523 epistularu
1447 1452 1595 1521 recenseri,
1605 1466 1687 1523 qnam
1696 1461 1791 1508 contra

146 1541 174 1595 ia
188 1555 244 1610 qua
266 1549 381 1612 utraque
403 1538 575 1597 manifestum
589 1548 630 1595 est
650 1538 793 1607 contineri,
807 1554 945 1610 nonquam
997 1558 1058 1599 eam
1068 1558 1129 1615 quae
1143 1543 1177 1599 ad
1190 1543 1285 1600 biarim
1298 1543 1408 1600 Persam
1418 1545 1519 1616 scripta
1541 1544 1639 1601 dicitur
1651 1543 1711 1600 toas
1734 1543 1793 1615 epi·

147 1623 210 1686 ibas
226 1631 383 1702 episcopus,
395 1638 538 1702 utrumque
553 1628 686 1700 negando,
698 1645 732 1687 ea
752 1638 869 1700 utroque
889 1645 946 1687 me-
996 1647 1095 1705 teopus
1109 1649 1159 1705 pro
1173 1648 1203 1689 se
1218 1634 1302 1704 relegi
1312 1634 1470 1707 postularit,
1483 1633 1505 1691 si
1515 1648 1564 1705 per
1574 1648 1634 1688 eam
1648 1647 1729 1703 quatu
1743 1646 1792 1687 ae·

147 1723 250 1778 ruisset
264 1721 378 1778 absolsi.
395 1720 454 1777 iiue
467 1721 572 1778 aceedit
593 1722 667 1791 quod
690 1722 752 1778 luce
773 1723 873 1779 elarius
895 1722 946 1779 de·
996 1713 1107 1783 cttsatt'tr
1118 1726 1267 1799 protulerat
1277 1726 1411 1783 laudabile
1422 1727 1511 1798 potius
1522 1736 1551 1783 et
1561 1742 1615 1782 noo
1626 1725 1711 1794 magis
1721 1724 1794 1779 ritu·

145 1823 319 1869 monstratur
331 1813 432 1868 nullum
445 1813 527 1874 etiam
538 1821 644 1887 tempus
665 1813 779 1870 inveniri
792 1828 883 1886 posse,
895 1829 945 1871 ne·
962 1813 984 1873 ii
997 1819 1120 1891 perabiie
1132 1819 1253 1875 accusati
1264 1820 1390 1898 meritum
1405 1819 1615 1876 monstrabatur.
1638 1817 1706 1885 Quid
1721 1815 1793 1887 quod

144 1918 203 1975 que
214 1912 277 1960 ante
291 1904 495 1974 adunationem,
504 1918 593 1974 neque
619 1912 682 1976 post
701 1904 861 1971 unitionem,
873 1906 946 1963 beati
997 1912 1056 1984 ipse
1069 1910 1129 1968 ibas
1141 1914 1294 1984 episeopus,
1310 1913 1410 1969 reiecta
1421 1913 1516 1968 eadem
1531 1912 1565 1967 ad
1578 1911 1672 1966 Parim
1682 1909 1794 1965 Persam

144 1995 243 2067 Cyriiii
257 2011 319 2050 cum
333 1992 513 2052 Orientalibus
524 1994 632 2066 factam,
644 2011 700 2067 quo
721 1996 817 2054 mdent
830 1997 945 2069 epistola
996 2004 1121 2076 epistola,
1145 2019 1199 2060 non
1224 2004 1284 2074 eins
1306 2004 1450 2074 assumpsit
1470 2001 1615 2058 defendere
1626 2000 1792 2071 qualitatem,

143 2090 182 2144 ab
197 2087 243 2144 iba
259 2089 386 2161 episcopo
404 2088 505 2162 scripta
527 2090 665 2147 doceatur.
678 2091 744 2146 Nam
764 2092 849 2163 ipsius
866 2098 947 2148 tenor
996 2111 1048 2153 noc
1061 2112 1118 2152 sata
1132 2095 1194 2152 iidei
1209 2095 1397 2151 rectitudinem
1408 2111 1442 2152 cx
1457 2093 1580 2165 ejusdem
1594 2092 1716 2164 epistolae
1728 2106 1794 2162 pro-

144 2182 273 2254 epistolae
280 2182 542 2239 estuanterosteudit
550 2184 613 2254 qnia
625 2191 687 2257 post
697 2185 828 2242 unitatem
837 2200 947 2258 pacem·
995 2183 1114 2243 sessione
1137 2193 1299 2242 monstrare.
1320 2184 1456 2241 Continuo
1479 2185 1589 2248 etenim,
1605 2183 1628 2239 si
1643 2197 1719 2238 suana
1734 2195 1795 2238 esse

143 2288 203 2344 qne
216 2272 347 2329 Ecclesiis
356 2274 530 2330 reformatam
542 2274 568 2331 in
583 2274 758 2345 derogatione
768 2275 839 2332 beati
852 2274 945 2348 Cyriiii
995 2286 1044 2332 aut
1059 2287 1134 2333 recta
1146 2292 1199 2331 nun
1212 2285 1272 2332 esse
1281 2278 1406 2346 dogmata
1417 2276 1567 2331 contineret
1577 2283 1601 2341 ⁸,
1616 2282 1710 2330 contra
1729 2286 1795 2328 suos

143 2363 262 2435 ejsuque
274 2362 432 2434 dogmatum
443 2366 513 2421 iacta
526 2365 571 2430 sit,
586 2364 645 2421 ibas
654 2381 720 2422 nero
731 2366 945 2438 postadnnatio·
996 2376 1171 2426 accusatores
1184 2368 1335 2437 insurgeret
1349 2367 1443 2426 dicens
1457 2384 1464 2420 ε
1489 2365 1567 2422 Caco
1580 2365 1663 2422 corde
1677 2379 1721 2420 me
1741 2364 1794 2419 im·

144 2465 211 2511 nero
235 2454 308 2510 beati
330 2452 423 2527 Cyriiii
437 2471 498 2512 rum
512 2452 696 2514 Orientalibus
717 2456 815 2514 iacmm
836 2459 901 2516 nibil
915 2475 947 2516 se
995 2466 1101 2531 petunt,
1116 2466 1147 2514 ut
1160 2473 1193 2515 ea
1206 2457 1272 2513 milri
1293 2473 1343 2530 pro
1370 2458 1504 2513 hereseos
1530 2456 1643 2513 crimine
1664 2453 1795 2525 objiciant

146 2545 205 2601 tale
218 2544 320 2615 aliquid
335 2544 435 2601 dixisse
449 2553 571 2600 testetur.
586 2545 700 2602 Constat
713 2562 802 2618 neque
817 2557 881 2606 ante
903 2549 948 2605 ad
996 2549 1068 2605 unde
1080 2563 1188 2621 possum
1199 2548 1367 2604 orthodoxus
1381 2547 1564 2619 comprobari.
1580 2545 1638 2601 imo
1651 2559 1682 2601 se
1703 2552 1796 2601 osten·

147 2637 320 2701 unadonem,
334 2637 398 2706 quia
409 2636 461 2693 boc
470 2637 497 2691 iu
510 2636 631 2706 eiusdem
642 2637 765 2709 epistota
779 2647 876 2696 tenore
890 2656 946 2697 non
995 2640 1093 2697 demut
1106 2641 1255 2704 hereticos,
1268 2639 1313 2710 qui
1329 2640 1472 2711 epistolam
1485 2638 1563 2708 casius
1577 2637 1689 2694 dictatio
1703 2635 1797 2691 catiro-

147 2724 261 2802 iegitur,
273 2744 363 2800 neque
375 2738 438 2801 post
452 2730 655 2799 adunationem,
669 2731 733 2801 quia
755 2732 807 2788 iroe
819 2730 882 2788 ibas
897 2748 946 2790 sua
997 2731 1077 2788 licam
1090 2732 1171 2789 iidem
1182 2732 1288 2799 astruit,
1304 2731 1459 2787 haereticam
1480 2730 1669 2786 criminantur.
1692 2726 1795 2782 ierunt

147 2820 321 2892 professione
335 2820 466 2891 denegat,
481 2818 620 2875 abeodem
632 2819 679 2875 iba
693 2828 869 2876 memoratam
889 2822 947 2893 epi·
996 2823 1058 2879 ibas
1070 2823 1312 2894 episcopussciens
1326 2837 1377 2879 occ
1391 2821 1468 2879 suam
1479 2836 1539 2878 csse
1554 2818 1696 2891 epistolam
1707 2825 1735 2873 et
1745 2831 1796 2889 per
1826 2817 1829 2820 ’

146 2912 251 2969 molam
262 2912 345 2969 fuisse
360 2911 551 2983 conscriptam.
997 2914 1089 2971 omnia
1099 2913 1151 2985 piis
1164 2913 1336 2982 dogmatibus
1349 2912 1496 2979 inimicam,
1512 2911 1643 2966 adsersus
1656 2923 1716 2964 eam
1733 2921 1800 2962 mn·-

184 3000 236 3058 iii.
254 3002 292 3058 Et
304 3010 334 3058 ut
347 3000 413 3057 nuiii
427 3015 539 3072 prorsus
551 3002 847 3074 habeaturtmbiguum
860 3003 888 3059 in
900 3018 951 3060 ea·
996 3008 1038 3079 gis
1049 3009 1122 3063 iiiam
1132 2999 1330 3064 Edessenorurir
1344 3007 1498 3077 epistolam,
1510 3019 1571 3075 quae
1586 3017 1647 3059 eum
1660 3000 1728 3057 nihii
1741 2999 1794 3054 aii·

148 3093 214 3150 dem
229 3094 436 3166 negationeque
450 3104 570 3165 caeperat
581 3093 655 3152 ibam
678 3095 834 3166 episcopum
847 3095 948 3166 persti-
997 3099 1107 3174 quando
1116 3108 1211 3156 contra
1222 3099 1384 3155 catboiioam
1398 3096 1477 3153 iidem
1493 3095 1593 3152 dixisse
1603 3091 1793 3157 attestabatur,

149 3186 232 3255 t'sste,
245 3194 273 3242 et
287 3183 341 3242 isoe
353 3199 388 3242 ex
401 3186 540 3257 presentis
549 3186 603 3243 ibae
616 3187 705 3244 serbis
710 3186 816 3257 iudices
824 3188 862 3243 ita
881 3202 946 3243 sen-
960 3182 983 3246 c
998 3189 1135 3261 opposuit,
1147 3186 1213 3245 iiiud
1226 3197 1337 3245 secutus
1346 3186 1418 3258 quod
1429 3202 1509 3259 snpra
1523 3184 1659 3254 ingressos
1670 3189 1795 3236 sanctum

150 3276 518 3345 sisse,etaecusatoreseam
528 3285 656 3348 unquam
667 3286 810 3348 negantem
820 3278 949 3347 remisse,
997 3279 1220 3338 chalcedonense
1241 3279 1386 3336 oouedium
1412 3274 1663 3346 aiiegavitdicens:
1683 3269 1796 3327 firmet

151 3382 207 3425 nec
218 3366 391 3439 prevaluisse
401 3368 573 3434 convincere,
589 3368 674 3439 ipsius
686 3383 797 3425 necesse
810 3377 852 3425 est
864 3368 950 3425 iuter-
998 3389 1087 3429 omnes
1100 3371 1227 3428 Edemerri
1250 3372 1349 3440 eterra,
1375 3387 1422 3441 per
1434 3385 1496 3442 qum
1505 3368 1654 3424 memoratio
1666 3365 1797 3437 episcopie

150 3458 428 3528 luendonisjudicum
439 3468 467 3515 et
476 3461 673 3531 prosecutionis
682 3469 878 3527 accusatorum,
889 3475 950 3532 qnae
999 3466 1166 3536 scripserant,
1179 3472 1306 3519 testantur
1319 3481 1361 3518 me
1378 3479 1434 3517 erre
1446 3463 1601 3519 corbolicum
1625 3460 1694 3534 (Act.
1709 3459 1749 3532 ii).
1763 3457 1794 3514 in

152 3551 186 3606 in
199 3559 295 3607 sancta
308 3548 522 3622 chalcedonensi
534 3550 636 3624 synodo
654 3566 690 3608 ex
708 3552 791 3623 gestis
811 3551 900 3608 Pbotii
922 3560 952 3609 ct
1000 3563 1105 3611 tantum
1116 3553 1172 3624 jara
1185 3562 1250 3609 tunc
1262 3554 1287 3609 in
1304 3554 1392 3609 Pbotii
1412 3561 1441 3608 et
1450 3552 1583 3608 Eustatbii
1594 3552 1696 3622 jndicio
1710 3559 1738 3606 et
1750 3565 1802 3621 po·¹

152 3639 288 3696 Emtatbii
310 3640 475 3710 releguntur,
503 3641 585 3698 verba
606 3657 761 3713 pensemus,
788 3658 848 3715 qnae
869 3644 905 3699 ita
920 3659 951 3701 se
1000 3654 1059 3705 stea
1070 3647 1097 3702 iu
1111 3652 1204 3701 sancta
1217 3642 1432 3701 chalcedonensi
1456 3643 1560 3716 synodo
1586 3642 1720 3713 objectam
1743 3641 1796 3697 sibi

155 3730 257 3786 ΝΜ
269 3731 338 3802 im·
351 3730 396 3801 Ι0)
412 3748 419 3785 ³
436 3730 775 3806 Rmfflllffll'mlssfl'iwfl',
790 3734 869 3791 idest
879 3733 953 3792 Piru-
1001 3740 1037 3798 ad
1046 3739 1140 3796 iiarim
1151 3737 1262 3795 Persam
1273 3738 1415 3810 epistolam
1427 3751 1528 3807 negans
1538 3752 1625 3802 suam,
1635 3733 1795 3793 cenodoxus

156 3823 213 3879 titas
226 3833 254 3878 et
267 3822 432 3891 instamus,
446 3824 588 3879 dixerant:
613 3824 644 3881 St
671 3835 731 3898 poet
751 3836 859 3883 mortno
883 3811 952 3883 irati
1001 3832 1064 3890 iidei
1074 3833 1203 3890 sciitesse
1216 3832 1392 3895 contrariam,
1406 3839 1436 3886 ut
1448 3830 1562 3902 propria
1574 3827 1635 3892 fidei
1649 3828 1796 3884 documen·

157 3912 251 3984 Gpriiii
272 3915 492 3971 intromittimur
517 3913 580 3971 ibas
605 3917 741 3988 episcopus
754 3933 812 3972 eum
826 3918 895 3974 mm
913 3926 953 3974 est
1001 3932 1060 3980 tum
1075 3939 1128 3979 nou
1139 3922 1173 3979 de
1185 3922 1263 3978 istius
1277 3930 1363 3990 textu,
1376 3919 1424 3976 sed
1436 3921 1471 3977 dc
1496 3919 1694 3977 Edessenorum
1714 3916 1796 3990 cleri·

157 4004 310 4060 tereticam
335 4006 493 4070 nominasse,
514 4015 540 4060 et
566 4005 714 4062 decreticum
733 4007 863 4075 buttem,
878 4025 952 4066 mon·
1002 4028 1098 4070 eoram
1111 4013 1283 4068 attestatione
1292 4012 1452 4082 requireret.

157 4102 251 4151 strate.
268 4095 360 4152 ifaras
373 4098 460 4152 dicit:
474 4097 645 4154 Prodamus:
664 4100 736 4171 quud
757 4102 852 4172 procui
870 4101 952 4159 dubio
1039 4105 1095 4161 iiii.
1115 4106 1145 4161 si
1160 4105 1352 4176 igiturjudices
1366 4120 1418 4161 non
1429 4103 1516 4160 scium
1531 4102 1598 4158 nihii
1611 4117 1644 4159 ex
1667 4118 1699 4158 ea
1722 4095 1796 4158 aesti-

158 4186 361 4257 nequejudices
372 4187 460 4245 adiruc
475 4190 582 4261 probari
596 4201 757 4261 quaererent,
773 4208 860 4264 neque
870 4208 960 4252 accu··
1003 4206 1109 4254 mantes
1129 4199 1248 4253 accusati
1264 4198 1315 4254 iboe
1329 4197 1448 4268 episcopi
1468 4196 1556 4266 jurari
1572 4196 1719 4265 negotium,
1741 4196 1796 4251 imo

156 4286 264 4336 “ms
277 4280 496 4350 fflPfflmillffessl
505 4282 677 4353 iif0b⁸l¹¹t⁰⁸s
687 4284 710 4339 Si
721 4285 773 4341 ¹¹00
782 4285 842 4342 ibas
851 4289 955 4357 episeo·
1002 4294 1126 4349 ridentes
1136 4293 1258 4349 absolute
1269 4295 1432 4349 contrariam
1444 4294 1522 4348 eiiam
1534 4308 1613 4362 quam
1625 4307 1674 4365 pro
1683 4293 1724 4348 sui
1735 4307 1796 4363 pnr-

156 4384 210 4441 pns
225 4384 278 4424 non
293 4379 427 4442 negasset.
445 4371 521 4429 iicet
539 4389 571 4430 ea
590 4390 651 4446 qum
671 4377 794 4448 superius
820 4379 847 4436 in
872 4382 954 4453 gestis
1004 4385 1113 4456 gatione
1126 4392 1267 4441 accusatus
1281 4392 1323 4440 est
1336 4383 1414 4455 petiit
1424 4381 1570 4458 [expetiit],
1581 4383 1796 4439 statueruntsuis

157 4458 231 4531 apud
241 4457 368 4517 Plotium
382 4471 411 4516 et
423 4461 594 4520 Eustatbium
608 4466 706 4524 habitis
720 4483 868 4542 eorumque
880 4472 954 4542 iudi·
1005 4476 1256 4533 interlocutionibus
1271 4473 1453 4543 relegendam,
1467 4474 1567 4545 etipse
1581 4481 1722 4530 accusatus
1735 4472 1796 4554 ibas

156 4557 223 4606 &¹⁰
245 4550 280 4605 tid
306 4554 478 4623 amatorem
501 4555 553 4612 ibae
576 4559 696 4631 episcopi
715 4560 950 4622 demonstrandam
966 4555 1156 4640 ”episeopus
1176 4582 1230 4623 uon
1244 4566 1318 4622 iiiam
1330 4568 1366 4622 ad
1379 4565 1472 4621 liarirn
1492 4564 1602 4622 Persam
1616 4551 1806 4636 defendendo,

157 4639 318 4698 multimode
328 4657 364 4700 ex
375 4645 627 4706 interlocutionibus
643 4650 764 4720 judicum
790 4662 817 4710 ct
839 4670 952 4712 accusa·
1003 4659 1059 4716 imo
1073 4658 1162 4729 potius
1175 4656 1234 4727 ejus
1244 4657 1391 4713 refutandae
1416 4667 1498 4714 causa
1513 4658 1586 4713 iiiam
1600 4655 1795 4715 Edesscnorum

158 4739 248 4789 torum
273 4737 509 4804 prosecutionibus
530 4740 667 4812 ipsiusque
681 4743 735 4800 ibae
747 4748 953 4817 exceptionibus
1002 4749 1087 4819 relegi
1100 4746 1256 4819 postularit,
1268 4756 1377 4804 constat
1386 4763 1446 4803 earu
1461 4764 1520 4819 qnae
1534 4749 1567 4805 ad
1581 4749 1674 4804 biarim
1686 4749 1795 4805 Persam

157 4827 317 4881 claruerunt
337 4828 445 4886 abunde
467 4831 632 4899 sufficerent,
648 4840 789 4894 mntenetsi
804 4842 891 4898 nrinus
902 4844 953 4898 aii·
1002 4842 1103 4912 scripta
1115 4850 1158 4897 cst
1167 4841 1375 4897 interlocutione
1386 4841 1506 4911 judicum
1518 4851 1546 4898 et
1557 4843 1724 4915 professione
1742 4843 1796 4900 ibat

157 4916 224 4986 quid
246 4918 277 4973 in
294 4918 384 4977 Pirotii
405 4932 487 4992 atque
501 4923 634 4983 Eustatlrii
648 4931 837 5004 episcoporum
850 4934 953 5004 judicio
1004 4933 1124 5004 episcopi
1138 4933 1200 5004 quia
1211 4932 1269 5002 ejus
1283 4934 1364 4990 fuerit
1378 4935 1546 5004 abnegatam,
1563 4936 1662 5005 etquis
1682 4932 1795 4990 scelesta

157 5004 295 5076 leitte'tir
318 5023 486 5082 expressunt,
510 5030 542 5070 ea
566 5030 627 5087 quse
640 5019 667 5076 in
682 5020 895 5081 chalcedonensi
908 5042 954 5099 sy·
1004 5025 1128 5095 dogmata
1143 5027 1280 5080 contineat
1293 5027 1471 5097 approbatum
1483 5069 1489 5081 .
1502 5025 1574 5098 Ergo
1583 5024 1644 5083 ibas
1654 5026 1796 5096 episcopus

157 5097 233 5155 nodo
246 5102 404 5159 continetur
417 5104 471 5160 ilar
480 5107 599 5179 episcopi
613 5114 735 5179 negantis
745 5115 886 5185 epistoiam
907 5132 952 5172 sa·
1005 5115 1156 5171 innocentis
1169 5116 1252 5171 animi
1266 5116 1306 5171 sui
1328 5115 1435 5173 fervore
1450 5125 1597 5189 permotus,
1622 5115 1796 5171 evidentioris

158 5189 297 5249 istaesret
308 5194 365 5251 soit
379 5195 522 5266 protasio.
538 5199 621 5256 iectu
633 5204 705 5258 enim
720 5219 753 5258 ex
775 5206 858 5274 gestis
881 5208 951 5279 apud
1004 5207 1154 5276 negationis
1165 5206 1246 5262 etiam
1262 5207 1290 5262 in
1312 5206 1524 5264 chalcedonensi
1538 5205 1642 5279 synodo
1666 5206 1796 5263 festinans

158 5279 286 5338 Plautium
301 5292 329 5339 et
351 5284 519 5343 Fmstathittrn
542 5290 640 5348 habitis
663 5295 776 5364 epistula
802 5297 835 5351 ad
858 5297 952 5354 bias-itu
1003 5298 1113 5353 adicere
1122 5298 1325 5362 documentum,
1340 5298 1497 5366 relegendas
1510 5298 1707 5359 Edessenorum
1720 5299 1796 5354 iitte·

158 5371 270 5430 Persam
283 5376 394 5448 scripta,
413 5380 554 5436 confestim
569 5382 629 5439 ibas
644 5399 736 5441 vocem
760 5389 882 5456 negantis
904 5405 953 5460 op·
1003 5405 1049 5443 ras
1061 5405 1096 5445 es
1109 5390 1192 5458 gestis
1205 5390 1274 5444 idem
1286 5390 1407 5463 [ibidem]
1419 5390 1488 5460 apud
1508 5379 1633 5446 Photinm
1649 5399 1677 5447 et
1699 5387 1796 5448 Eusta-

159 5468 251 5536 pnsuit
263 5467 359 5525 dicens
374 5488 381 5525 t
395 5471 491 5528 iubeat
504 5485 588 5530 nestra
611 5477 745 5533 ciernentia
760 5481 840 5552 reiepi
852 5481 952 5538 litteras
1005 5483 1089 5537 thium
1105 5482 1213 5550 habitis,
1226 5497 1285 5552 quea
1298 5482 1468 5538 adversarius
1478 5482 1536 5554 ejus
1562 5484 1720 5555 protulerat.
1743 5500 1794 5556 po·

159 5560 314 5615 attritorum
327 5559 571 5635 firmassemus
584 5571 747 5639 cognoscatis
760 5573 822 5643 qaia
833 5582 857 5626 et
870 5573 902 5627 ab
913 5574 953 5629 iaia
1004 5573 1113 5629 stuiavit
1129 5590 1136 5627 τ
1158 5589 1273 5643 quorum
1296 5583 1432 5642 gestorum
1459 5575 1528 5632 banc
1548 5586 1661 5649 partem,
1689 5577 1795 5633 sicutio

158 5666 217 5722 qua
227 5651 293 5707 miti
302 5654 377 5710 iliata
390 5664 451 5709 tant
463 5657 563 5713 alienas
578 5660 673 5722 erista.
692 5669 718 5716 et
736 5662 882 5718 uiolentiam
896 5680 953 5719 ram
1005 5665 1232 5737 consequentibus
1242 5665 1452 5734 demonstratur,
1468 5685 1502 5726 ex
1513 5671 1643 5729 industria
1654 5678 1796 5728 accusator

199 5847 213 5876 ⁰
228 5835 315 5893 neus
327 5834 479 5897 cotelerius
491 5834 633 5905 tegulum
648 5835 785 5893 adtatonnii
803 5854 810 5891 ε
826 5846 954 5893 nistresis
972 5847 1058 5894 nosset
1070 5839 1191 5912 deportato
1205 5842 1347 5898 contristere.
1365 5841 1450 5901 iicon.
