4059 6184
274 279 315 333 '29
968 269 1082 328 uultu
1101 271 1201 331 PAPAE
1872 283 1907 339 80

278 406 328 463 per
349 390 431 462 iputm
456 390 527 460 [mic
540 396 615 453 nuru,
630 396 654 443 et
673 388 728 443 sine
748 387 803 457 ipso
823 386 919 457 foetum
941 393 980 439 est
1003 384 1067 439 nitu
1083 391 1105 449 Α
1119 385 1162 441 die
1174 390 1378 456 rerurrectionis,
1392 402 1453 461 port
1463 408 1606 471 murts.
1622 393 1660 452 Er
1671 395 1737 451 itm
1751 405 1837 453 epm
1847 370 1916 454 ‘ma‘

279 480 456 551 pecusculum
467 488 515 533 est.
530 478 561 532 st
571 479 639 535 enim
652 479 726 532 tremo
740 488 778 530 est
789 475 856 530 Deus
872 473 993 542 Verbum,
1004 476 1070 530 sicut
1121 479 1330 534 mcdcerteudum
1349 490 1397 546 est,
1418 484 1486 555 quad
1499 486 1522 539 si
1536 485 1569 540 ci
1588 487 1720 558 insufflatu
1734 482 1926 561 ussepirtcrrt‘

281 570 361 635 duis,
377 569 525 625 convenient
545 567 633 622 omme
651 567 701 638 ipsi
714 583 772 639 puro
785 567 817 620 de
836 565 888 621 Deo
910 564 993 621 Verbo
1007 566 1070 620 dicit
1122 567 1260 636 Spiritum,
1275 586 1328 625 uon
1338 572 1453 627 diceret:
1464 576 1595 646 Accipite,
1609 580 1665 646 sed,
1679 583 1799 650 proniore
1809 586 1907 654 mespi-

279 659 451 733 competes.
1121 659 1183 722 stis,
1198 658 1245 711 hoe
1255 659 1324 713 enim
1334 660 1402 743 prod
1415 661 1511 717 dictum
1524 672 1580 719 est:
1592 665 1723 736 decipite,
1735 670 1775 723 itis
1788 672 1904 727 contremit

246 752 251 765 ‘
560 770 648 844 ppypp
661 771 803 841 mmm
830 804 834 817 ,
1121 748 1164 818 nui
1175 748 1289 803 noudum
1302 760 1465 823 occeperunt.

224 928 226 933 ,
317 865 348 920 hs
362 865 544 935 suprascripto
557 862 663 929 decimo
674 861 753 916 tertio
767 861 885 931 capitulo
895 859 988 928 negari
998 859 1071 914 ride·
1388 861 1477 935 l'ipiiii
1495 869 1641 936 responsio.

278 965 328 1014 tur
341 956 425 1012 heum
437 954 554 1011 Verbum
567 953 703 1009 boruinern
718 952 828 1019 tactum,
838 959 867 1006 et
879 965 970 1007 rursus
983 949 1071 1004 honri·
1156 951 1186 1006 lu
1210 953 1393 1025 suprascripto
1415 956 1520 1013 deeinro
1542 959 1638 1030 quinto
1658 962 1776 1033 capitulo
1797 965 1906 1032 dieitur,

283 1067 346 1107 nem
362 1049 477 1106 Verbum
491 1046 575 1103 lieuru
590 1061 659 1112 esse,
673 1054 703 1100 ut
716 1061 764 1115 per
774 1044 826 1100 boe
840 1044 990 1112 inducatur,
1004 1044 1073 1099 sicut
1122 1044 1185 1110 quia
1208 1043 1348 1099 insnlllans
1361 1043 1490 1102 Dominus
1504 1057 1596 1103 noster
1607 1049 1685 1106 iesus
1704 1052 1827 1110 Christus
1846 1064 1909 1126 post

284 1142 407 1214 superius
430 1141 530 1196 dictum
554 1148 616 1208 est,
631 1139 747 1195 dualitas
761 1151 945 1207 personarum.
969 1134 1073 1205 Siquis
1122 1134 1346 1190 resurrectionem
1361 1150 1439 1192 suam
1453 1136 1481 1191 in
1495 1138 1576 1193 iacies
1592 1140 1782 1212 discipulorum
1795 1158 1907 1199 suorum

274 1235 366 1304 igitur
378 1232 414 1288 ita
435 1231 522 1302 sapit,
536 1231 631 1295 docet,
647 1226 733 1285 credit
747 1234 793 1283 aut
808 1227 955 1298 predicet,
973 1233 1002 1281 et
1018 1240 1073 1281 non
1122 1240 1177 1282 non
1191 1225 1294 1282 dederit
1306 1226 1345 1282 eis
1354 1225 1484 1296 Spiritum
1494 1236 1629 1297 sanctum,
1640 1232 1688 1287 sed
1698 1233 1813 1289 dandum
1827 1237 1909 1305 signi·

283 1322 384 1394 potius,
400 1328 526 1378 manente
542 1320 569 1376 in
583 1319 696 1375 homino
711 1318 767 1373 noo
781 1325 875 1373 nostro
888 1315 951 1372 iesu
965 1313 1073 1371 Christo
1122 1313 1263 1371 decrerit:
1280 1324 1309 1371 nt
1322 1332 1371 1387 por
1384 1318 1437 1373 boc
1454 1326 1501 1373 ant
1520 1321 1621 1377 veritas
1634 1322 1692 1393 ipsa
1708 1325 1718 1392 l
1726 1326 1799 1395 quod
1818 1327 1908 1398 absit)

285 1413 523 1479 inconvertibiliter
532 1420 612 1483 etque
622 1410 733 1466 indivise
745 1408 894 1465 differentia
904 1418 1071 1474 naturarum,
1122 1413 1232 1475 putetur
1245 1422 1305 1464 esse
1316 1409 1438 1473 mentita,
1454 1418 1500 1464 aut
1514 1420 1641 1481 tanquam
1663 1430 1758 1484 purum
1772 1418 1908 1474 hominem

284 1504 324 1563 sic
337 1519 390 1560 nnn
405 1519 529 1575 persona,
543 1503 600 1558 sive
613 1501 785 1558 subsistentia
800 1500 858 1569 ejus
872 1513 931 1555 esse
945 1497 1072 1565 creditur,
1123 1495 1170 1551 illo
1185 1494 1250 1551 llatu
1265 1512 1319 1553 non
1332 1497 1457 1554 habuisse
1470 1500 1542 1567 quod
1553 1501 1648 1568 daret,
1661 1511 1707 1558 ant
1721 1504 1786 1560 dare
1799 1502 1909 1564 minime

286 1609 316 1657 ut
325 1608 353 1655 et
362 1600 432 1656 Deus
443 1598 560 1653 llerbnru
573 1596 632 1652 sine
646 1595 700 1651 nlla
713 1594 810 1649 diuinae
824 1600 926 1648 natnru
940 1605 995 1647 sum
1009 1605 1073 1646 erru-
1123 1587 1251 1657 potuisse
1267 1586 1296 1644 Si
1308 1590 1369 1659 quis
1379 1589 1460 1660 igitur
1469 1590 1526 1647 haec
1538 1592 1576 1647 ita
1588 1584 1667 1663 sapit,
1679 1593 1760 1652 rlooet
1780 1607 1827 1654 aut
1840 1615 1909 1670 pras·

288 1689 460 1748 vertibilitate
473 1687 555 1742 homo
569 1698 644 1750 esse,
659 1692 687 1739 et
701 1691 837 1752 assumpta
849 1679 1003 1736 humanitas
1014 1693 1076 1748 pro·
1123 1676 1205 1743 dicat,
1218 1678 1362 1734 anathema
1377 1680 1434 1735 sit·

284 1790 347 1852 pter
364 1778 576 1847 singularitatem
599 1790 720 1848 persoruc
743 1771 981 1830 inconvertibiliter
1003 1746 1110 1827 licusB
1332 1807 1466 1848 mmm
1480 1810 1630 1850 ,mmm
1642 1812 1695 1851 m

279 1883 347 1925 «ΜΘ
360 1867 495 1933 credatur,
511 1865 652 1920 wilhelm
665 1865 709 1919 ⁵5¹·
1160 1877 1228 1933 Dicit
1242 1878 1277 1933 cd
1300 1878 1446 1935 Tbomeru:
1464 1880 1534 1937 inser
1551 1884 1664 1952 digitum
1687 1892 1761 1939 tuum
1785 1883 1859 1948 huc,
1881 1891 1911 1941 ct

493 1988 628 2033 ruuouonr
641 1988 792 2031 contrusus
805 1987 860 2026 xrv.
1124 1969 1186 2025 cide
1200 1984 1294 2025 manus
1306 1985 1398 2037 meas;
1414 1979 1442 2025 et
1455 1972 1561 2041 porrige
1572 1988 1681 2029 manum
1696 1981 1778 2039 tuam,
1794 1984 1822 2030 et
1833 1969 1910 2031 initte

322 2073 336 2102 ¹
350 2062 409 2118 lior
420 2064 522 2136 pridem
534 2063 653 2133 quidest,
665 2061 703 2116 hd
716 2061 821 2117 Patrem
831 2075 920 2115 meunt
932 2069 960 2115 ct
969 2059 1075 2117 Patrem
1125 2059 1235 2115 inlatus
1250 2075 1356 2123 meum,
1378 2069 1406 2116 et
1418 2062 1472 2116 noli
1487 2077 1547 2117 esse
1569 2063 1740 2130 incredulus,
1762 2064 1809 2119 sed
1824 2064 1910 2120 tilelis

286 2166 427 2224 uestrum,
443 2165 470 2214 et
487 2157 571 2212 Deum
585 2164 716 2212 meumst
734 2156 817 2211 Deum
834 2163 952 2229 restrum
979 2152 1074 2225 (Joon.
1126 2153 1215 2224 (tuen.
1233 2154 1289 2223 rr)
1351 2150 1580 2223 Quoniamdicit,
1600 2157 1909 2223 renuentium-tostum

290 2249 357 2322 ss)?
372 2247 456 2303 Nemo
470 2249 507 2301 sic
522 2247 626 2301 demens
640 2258 696 2311 est,
715 2255 742 2301 ut
759 2242 928 2300 sitientum
942 2230 1076 2299 conuenire
1125 2246 1207 2297 sotum
1225 2245 1339 2314 suspicere
1361 2244 1407 2299 tibi
1427 2246 1462 2300 od
1479 2247 1634 2301 credendum
1651 2256 1727 2318 putus
1746 2248 1822 2317 (hee
1839 2250 1910 2304 enirn

288 2338 400 2403 diceret,
420 2337 470 2391 ruisi
493 2336 585 2406 templo
607 2334 656 2389 Dei
675 2335 751 2390 Verbi
770 2343 900 2407 assumpto
922 2351 970 2405 pro
986 2344 1076 2388 nostra
1126 2335 1213 2389 ditem
1227 2350 1279 2388 non
1292 2351 1332 2389 me
1344 2334 1472 2404 latuisti),
1492 2345 1569 2407 tnnpe
1582 2353 1674 2401 murus,
1688 2344 1712 2391 et
1731 2354 1794 2409 rupe
1807 2340 1911 2409 ceperi-

288 2429 371 2483 sclute
384 2427 490 2492 leontini,
502 2428 544 2497 qni
558 2435 596 2480 est
611 2436 736 2493 nrortuus,
746 2435 771 2480 et
785 2427 935 2492 resurrexit,
948 2434 972 2479 et
986 2441 1077 2483 utceu-
1126 2433 1252 2487 nunctum,
1268 2432 1293 2479 et
1307 2425 1376 2479 disse
1390 2425 1509 2492 credes,
1530 2434 1555 2481 st
1575 2444 1627 2483 non
1650 2426 1773 2497 diffidere,
1799 2427 1910 2483 Thomas

280 2533 362 2575 ‚surus
377 2525 442 2571 esset
455 2518 482 2570 in
497 2514 582 2581 coelos,
602 2522 626 2568 et
637 2525 736 2585 putrem
751 2514 800 2569 sihi
816 2514 922 2570 ascribit
934 2532 992 2569 eunt
1003 2514 1078 2570 elisei·
1126 2516 1228 2586 cuidem
1248 2530 1306 2569 cum
1323 2517 1362 2571 sic
1381 2517 1548 2583 credidisset,
1569 2517 1696 2573 Domitius
1709 2532 1785 2573 mens
1800 2526 1828 2575 et
1839 2515 1912 2573 nero

286 2608 419 2680 petissetis
433 2606 526 2676 Deum,
540 2617 565 2661 et
578 2608 633 2677 ipse
645 2608 902 2680 protinudoptionem
916 2610 1077 2662 meritnszet
1126 2621 1211 2670 ruens,
1227 2606 1289 2659 dicit
1307 2624 1316 2660 :
1336 2604 1399 2661 Non
1420 2608 1503 2678 ipsum
1523 2606 1661 2660 Dominum
1675 2617 1699 2661 et
1715 2606 1909 2661 nemeseus.

245 2700 254 2707 “
290 2697 372 2752 Deum
386 2715 460 2753 snum
474 2698 604 2770 appellnt,
620 2701 680 2770 puin
695 2714 753 2752 eum
771 2700 869 2753 ceteris
884 2698 1026 2754 bominibus
1038 2700 1075 2754 si·
1127 2694 1153 2755 N
1156 2712 1189 2752 on
1202 2698 1270 2750 enim
1284 2699 1478 2754 resurrectionis
1491 2699 1597 2752 scientia
1611 2697 1718 2752 docebat
1730 2699 1806 2751 etiont
1829 2697 1912 2751 neum

289 2789 384 2844 militer
397 2797 425 2841 ut
438 2798 503 2843 esset
524 2791 631 2860 occepit.
657 2788 731 2843 Unde
751 2799 856 2861 propter
869 2793 1076 2847 communitatem
1126 2804 1181 2842 esse
1193 2804 1250 2842 cum
1264 2792 1306 2861 pui
1321 2791 1476 2855 resurrexit,
1492 2789 1536 2844 sed
1550 2790 1623 2860 quusi
1642 2805 1689 2857 pro
1703 2790 1827 2844 ntiraculo
1841 2790 1911 2860 [ecto

287 2879 390 2951 quidem
405 2887 520 2948 untur-ec,
538 2878 642 2933 Patrem
658 2897 739 2934 nicom
754 2888 777 2934 et
791 2876 896 2935 Putrem
909 2890 1019 2936 restrium
1033 2881 1076 2937 di·
1129 2876 1209 2932 Deum
1224 2877 1364 2932 collaudet.

288 2967 337 3034 cit,
353 2976 377 3022 et
391 2967 475 3023 Deum
493 2985 575 3023 mensu
596 2979 621 3022 et
642 2967 723 3022 Deum
745 2978 865 3023 nestrum.
884 2969 977 3025 Diuisit
992 2980 1077 3025 utitem
1395 2986 1483 3058 p59pp
1502 2985 1645 3056 remmio,

282 3061 381 3113 imum
395 3076 468 3114 ‘imm
487 3077 623 3130 personam
636 3062 715 3131 ipsis,
730 3062 883 3131 principium
895 3062 988 3132 illisi?
999 3062 1110 3175 liidie
1164 3077 1191 3131 ln
1208 3078 1390 3148 suprascripto
1403 3077 1507 3135 decimo
1520 3086 1596 3133 sesto
1609 3077 1726 3149 capitulo
1743 3075 1776 3132 de
1790 3076 1836 3131 illo
1850 3076 1912 3134 loco

288 3148 386 3219 fimi,
400 3160 592 3222 propterquam
612 3151 646 3204 ‘id
661 3148 743 3204 Deum
763 3149 872 3205 Verbum
894 3151 1076 3221 ⁶⁰¹¹t'11210150l1e
1127 3164 1263 3235 Evangelii
1287 3167 1332 3221 ubi
1356 3166 1472 3221 Thomas
1492 3168 1629 3237 spostolus
1653 3167 1765 3237 palpans
1786 3167 1913 3235 ligurnsb

251 3314 255 3333 Ι
288 3240 315 3293 in
329 3240 385 3295 loco
397 3241 450 3294 neri
464 3238 528 3294 Filii
545 3238 577 3293 ab
595 3239 712 3294 onrrribus
728 3240 870 3295 honoretur
884 3239 1037 3294 horninibus.
1126 3257 1262 3314 clavorum
1272 3257 1338 3314 dpxp
1347 3276 1353 3311 :
1362 3257 1487 3315 pompm
1497 3276 1567 3314 meu,
1578 3269 1601 3313 ep
1610 3257 1679 3313 pe„
1692 3274 1762 3313 meu,
1775 3256 1911 3328 (pnsum),

557 3348 644 3421 Vipilii
655 3354 798 3421 responsio.
1127 3349 1254 3403 asseritur
1267 3348 1338 3419 quod
1353 3348 1469 3404 Thomas
1483 3348 1623 3419 apostolus
1641 3363 1695 3404 non
1715 3348 1802 3418 ipsunt
1820 3344 1914 3401 lesum

323 3440 354 3494 lu
376 3440 558 3511 suprascripto
582 3441 797 3511 quartodecimo
819 3443 936 3512 capitulo
961 3457 1009 3513 per
1024 3442 1076 3498 hoe
1126 3437 1260 3495 Christum
1281 3439 1423 3497 Dominum
1438 3438 1574 3509 Deumque
1588 3438 1726 3495 consessus
1740 3439 1790 3502 sit,
1809 3446 1836 3492 et
1847 3437 1912 3506 quia

287 3528 359 3597 qrrod
373 3529 469 3598 legitur
482 3530 507 3582 in
521 3527 684 3597 Erarrgeiio:
700 3529 817 3584 Ascerrdo
827 3531 862 3583 nd
878 3529 981 3585 Putrem
992 3547 1075 3586 meum
1127 3529 1330 3585 resurrectionis
1343 3529 1482 3584 seientiam
1497 3545 1550 3584 nou
1564 3529 1685 3593 doceret,
1703 3528 1747 3582 rel
1763 3527 1825 3595 qutia
1840 3526 1914 3583 oeus

286 3629 312 3672 ct
329 3620 432 3674 Putrem
446 3631 570 3683 uestrum,
597 3619 679 3673 Deum
700 3637 784 3674 rreum
808 3629 833 3675 et
859 3619 943 3674 Deum
966 3631 1075 3675 uestrum
1126 3630 1196 3673 esset
1216 3618 1262 3690 qui
1277 3620 1438 3684 resurrexit,
1462 3619 1583 3690 sedquia
1601 3620 1685 3688 mauis
1707 3635 1756 3690 pro
1779 3618 1911 3675 rnirucnlo

289 3708 377 3779 (doen.
393 3714 455 3779 xx),
471 3711 507 3764 ita
531 3709 694 3777 inteligitur,
709 3710 781 3778 quod
794 3709 871 3765 lesus
884 3710 1007 3766 Christus
1021 3711 1075 3767 lio-
1125 3707 1196 3763 iacto
1216 3708 1330 3765 Thonras
1350 3709 1487 3780 apostolus
1510 3710 1594 3765 Deum
1617 3708 1774 3764 laudaverit.
1798 3708 1825 3763 Si
1848 3708 1912 3778 quis

283 3799 375 3853 suiuus
388 3808 416 3852 et
431 3798 500 3852 bens
514 3806 615 3861 noster,
631 3799 799 3853 sicutcnteri
810 3800 942 3862 homines,
958 3800 1074 3869 patiam
1126 3799 1206 3870 igitur
1218 3799 1275 3855 hue
1288 3800 1324 3853 ita
1343 3800 1433 3869 sapit,
1455 3799 1549 3865 docet,
1566 3799 1651 3855 credit
1666 3807 1713 3853 aut
1731 3799 1868 3870 prndium,
1884 3809 1913 3853 et

287 3886 454 3956 stupueris,
478 3894 508 3939 ut
528 3884 621 3943 Filius
628 3887 676 3942 itei
690 3888 843 3954 diceretur,
870 3890 1023 3960 acceperit,
1048 3901 1076 3946 et
1127 3906 1179 3945 nou
1192 3892 1280 3961 potins
1294 3890 1404 3946 Thomu
1416 3890 1585 3946 consessione
1601 3899 1628 3946 ot
1643 3907 1737 3947 rerum
1753 3891 1835 3945 Deum
1849 3904 1912 3946 esse

287 3975 363 4044 spunsi
375 3989 424 4044 por
436 3974 652 4043 muriunetionem
667 3978 700 4031 arl
716 3978 798 4037 licum
811 3979 929 4034 Verbum
944 3980 970 4035 in
987 3980 1075 4035 locum
1124 3977 1215 4035 iesum
1235 3978 1369 4035 Christum
1389 3989 1417 4035 et
1436 3982 1462 4036 in
1482 3998 1544 4037 vern
1556 3998 1637 4038 cerne
1657 3998 1717 4035 errrn
1730 3983 1911 4037 resurrexisse

287 4061 411 4116 coriFilii
421 4063 456 4117 ab
467 4064 593 4119 omnibns
605 4064 828 4133 moritoniensi
842 4070 864 4123 si
877 4069 937 4138 quis
950 4069 1073 4139 itasnpit,
1126 4069 1288 4125 declaratum
1304 4072 1400 4139 credit,
1413 4073 1554 4127 anathema
1567 4074 1611 4127 sit.

287 4153 376 4216 «locet,
390 4153 475 4208 credit
493 4164 541 4210 ant
556 4156 698 4226 predicat,
714 4166 741 4212 ot
762 4174 817 4213 non
839 4160 923 4226 hungis
936 4174 1018 4213 unum
1031 4159 1075 4214 te·
1327 4199 1463 4239 ,nouom
1477 4200 1626 4239 ,mmm
1642 4201 1703 4239 ,m

288 4258 347 4296 “⁰¹¹¹
370 4243 506 4300 animum
528 4246 624 4301 finum
647 4246 694 4303 M
709 4249 890 4304 ‘mmmmm
910 4260 1033 4306 ⁰⁰S¹f¹¹¹¹¹
1048 4252 1074 4305 5¹¹
1160 4268 1305 4325 liternum
1319 4273 1384 4325 dixit
1398 4284 1516 4345 oportere
1530 4276 1706 4344 poenitentium
1717 4290 1794 4344 opere
1808 4290 1912 4343 etsprn

287 4332 390 4388 ‘umbus
404 4332 551 4391 5¹¹⁰⁰¹¹s⁰⁸5⁸
562 4344 590 4390 θ*
603 4335 826 4407 iffiflpafabffibffi
839 4338 963 4406 immin
976 4347 1003 4393 θ(
1015 4354 1075 4393 θΓθ·
1125 4361 1207 4414 crucis
1217 4362 1565 4434 iniquitutc,etcprroscentes
1575 4362 1735 4417 Sciretorem
1746 4372 1771 4416 et
1781 4374 1912 4418 auctorem

287 4425 327 4478 ‘¹5¹
339 4440 399 4481 ⁰⁸⁵ss
411 4428 523 4493 namsi&
537 4428 682 4483 infimi
696 4429 740 4483 δὴ·
1087 4448 1247 4542 „bononem
1268 4453 1382 4508 cntniurn
1396 4453 1484 4507 iesum
1498 4452 1646 4519 Christum,
1670 4455 1789 4526 pilonium
1807 4462 1913 4524 propter

505 4556 637 4598 bursonem
653 4558 802 4598 ctnrrnsnu
814 4558 857 4597 xv.
1124 4542 1175 4594 isto
1196 4545 1309 4612 percurrit
1329 4555 1354 4597 et
1373 4553 1519 4614 orsrrmptus
1533 4552 1572 4599 est
1587 4545 1619 4599 de
1635 4545 1722 4599 diuino
1743 4554 1858 4612 notum,
1882 4546 1911 4599 in

323 4624 381 4680 ilos
391 4628 458 4698 prou
468 4630 563 4684 dictum
575 4640 631 4686 est:
643 4632 773 4702 Accipite,
789 4649 836 4703 pro
847 4633 986 4701 accipietis,
998 4634 1071 4687 dicit.
1124 4636 1209 4705 ipsum
1223 4636 1301 4705 fidem
1316 4640 1453 4707 suscipere,
1477 4647 1503 4693 et
1523 4640 1579 4710 ejus
1594 4639 1733 4709 discipulos
1753 4640 1826 4709 pieri,
1851 4647 1912 4693 cute

287 4712 319 4769 Si
332 4716 399 4768 euim
413 4734 470 4770 cum
493 4719 664 4790 insufflasset,
680 4721 805 4792 Spiritum
820 4720 930 4774 dedisset
943 4721 1075 4789 discipulis
1125 4726 1211 4779 ornnic
1222 4737 1307 4780 cirtem
1318 4727 1353 4780 cd
1363 4728 1491 4796 baptismo
1505 4730 1668 4792 recedentes,·
1679 4713 1746 4799 qnod
1760 4730 1814 4795 ipse
1827 4727 1912 4779 tradi-

290 4807 368 4875 (puod
380 4808 454 4861 cecide
467 4810 568 4880 quidem
579 4811 656 4865 struite
669 4813 900 4880 existimauerunt),
917 4811 1073 4882 stipendiunm
1125 4815 1162 4867 du
1174 4816 1258 4878 nohis,
1273 4819 1510 4887 prrcsormutionem
1525 4819 1627 4890 quidem
1646 4817 1741 4871 liniens
1754 4817 1912 4887 sperationis

285 4908 343 4951 erut
352 4900 437 4955 dicere
450 4913 539 4968 postea
552 4904 601 4969 his,
613 4914 638 4958 et
652 4904 763 4959 nteehne
777 4913 890 4973 ternpore
904 4894 1026 4956 oseettsns
1046 4905 1073 4958 in
1125 4907 1278 4975 primorum,
1299 4907 1327 4960 iu
1347 4908 1450 4961 nomine
1470 4919 1555 4961 nutem
1574 4907 1753 4962 ceictrcndum
1767 4907 1871 4973 Petris,
1887 4918 1912 4962 et

288 4988 363 5042 erulos
383 5007 434 5044 nou
449 4995 564 5061 separari
584 4991 616 5046 ob
639 4992 804 5057 Jerusalem,
829 4991 874 5046 sed
894 4999 1073 5061 exspectarent
1127 4994 1201 5061 Filii,
1217 5006 1242 5050 et
1257 4996 1369 5065 Spiritus
1385 4999 1468 5051 suncti
1483 5015 1492 5051 .·
1509 5000 1556 5052 troc
1574 4998 1642 5052 enim
1661 4997 1729 5069 quod
1743 5006 1791 5052 est.
1813 4995 1849 5051 Ut
1863 4997 1912 5051 ba·

288 5081 460 5157 (suspectare)
471 5085 666 5156 promissionem
681 5087 811 5158 Spir·itns,·
825 5088 885 5143 etin
894 5087 1073 5158 sequentibus:
1127 5086 1241 5155 ptinetrrr
1252 5087 1433 5156 unusquisque
1443 5088 1469 5142 in
1484 5089 1592 5142 nomine
1602 5087 1666 5143 iesu
1679 5086 1778 5144 Christi
1789 5089 1858 5157 (Act.
1870 5088 1910 5156 n),

287 5170 341 5225 Sed
355 5176 493 5245 accipietis
502 5177 640 5244 virtulem,
650 5178 858 5246 superveniente
867 5175 968 5247 Spiritu
980 5185 1074 5232 sancto
1126 5193 1179 5231 uon
1203 5178 1248 5233 troc
1263 5178 1325 5230 dicit
1345 5187 1373 5231 ut
1386 5180 1542 5233 sermionem
1552 5194 1608 5248 pun
1621 5179 1763 5233 innomine
1777 5177 1877 5239 Petris,
1888 5183 1912 5230 et

286 5261 313 5317 in
329 5278 377 5318 vos
392 5266 460 5337 (det.
473 5266 504 5337 r).
519 5267 662 5322 Admetum
673 5277 758 5323 cutem
771 5270 856 5340 ipsum
868 5270 953 5323 sensti
961 5268 1076 5340 Spiritus
1126 5269 1200 5330 iiiiii,
1215 5280 1240 5322 et
1254 5269 1368 5337 Spiritus
1378 5271 1461 5323 sorceti
1474 5278 1521 5334 est,
1536 5270 1716 5342 relinquentes,
1729 5269 1821 5325 iesum
1833 5268 1912 5323 Cirri-

285 5349 509 5430 superdisciputos
522 5358 605 5415 Lucus
614 5362 711 5432 [aetum
721 5377 776 5416 esse
790 5361 853 5416 dicit
862 5361 1074 5432 quinquepesimo
1126 5369 1192 5412 stum
1206 5361 1232 5414 in
1247 5359 1399 5429 baptismate
1409 5370 1512 5431 uorem,
1527 5363 1572 5417 sed
1586 5363 1661 5432 priate
1673 5363 1720 5418 boc
1733 5372 1786 5428 est,
1801 5361 1868 5432 qued
1882 5360 1910 5414 in

322 5523 333 5548 ¹·
349 5510 449 5567 Eadem
465 5524 589 5584 excerpta
605 5512 747 5575 Theodori,
764 5529 847 5637 usipus
861 5514 894 5568 nd
907 5531 966 5585 cap.
983 5513 1017 5569 db
1032 5512 1074 5566 in·
1163 5510 1177 5549 ὓ
1196 5512 1221 5565 lu
1237 5514 1341 5582 rrrlgstn
1362 5512 1487 5577 editione,
1505 5516 1615 5585 prunus,
1629 5525 1655 5571 et
1671 5516 1739 5587 opud
1755 5517 1860 5570 baroni:
1872 5534 1909 5573 nt.

286 5581 506 5705 ‘iufflfi’assissffi
529 5593 556 5639 ot
582 5586 608 5640 in
632 5585 714 5641 Cone.
732 5584 751 5639 l'
768 5602 799 5641 ro
812 5586 857 5638 lat.
874 5584 900 5651 l,
918 5587 1010 5641 eodum
1028 5597 1074 5637 ‹fn-
1128 5582 1211 5636 lirun.

285 5660 352 5718 pile.
393 5668 407 5705 a
445 5691 453 5704 .
