4059 6184
199 282 263 363 ser'
840 314 844 329 ·
918 307 1105 367 susroun.
1221 386 1225 393 ἤ
1779 318 1831 376 rou

198 395 325 451 scelerum
340 395 372 448 ιιι
396 394 633 453 clementissimum
656 396 806 467 principem
820 397 984 468 dirigantur,
1001 399 1090 467 hest]
1106 400 1133 455 iu
1146 390 1311 466 schismate,
1326 402 1391 459 etin
1404 418 1439 459 eo
1449 406 1624 472 maledictus,
1640 421 1689 463 uec
1703 406 1834 465 houornur

198 494 225 543 et
235 484 351 541 marium
366 482 490 539 Ecclesiae
505 483 669 554 Aquileiensi
680 486 799 554 invasor,
810 487 855 557 qui
870 496 897 542 ct
907 488 986 561 [sorte
1040 490 1160 560 episcopi
1173 491 1274 560 poterit
1288 494 1407 550 retinere
1421 511 1471 552 nec
1485 499 1620 553 meritum.

593 606 1836 636 .....-.-..-..-.--.-.-...-..-..-.-..-..,..,.,,,,

600 688 646 742 ιιι)
664 687 851 744 EPlSTlthS
870 689 891 743 ιι
911 688 982 746 erltl
1002 691 1074 760 (alim
1095 691 1128 745 ttl
1146 699 1175 746 et
1193 692 1239 765 ιι)
1260 692 1393 751 teuton
1413 698 1422 751 l

912 819 946 858 tu
964 818 1104 858 uansrrerr

702 882 712 933 Ἰ
782 923 1066 973 nulmnnvnusto
1092 923 1253 975 culum.

225 1100 448 1171 Quemadmodum
463 1121 487 1159 o.
508 1103 542 1157 tl.
557 1103 685 1158 Antonius
697 1100 765 1174 Papi
779 1101 806 1156 iu
821 1100 918 1156 Critica
929 1100 985 1156 Be·
1040 1113 1124 1158 orento
1147 1103 1215 1175 quod
1230 1102 1382 1159 llolsterriue
1401 1105 1523 1175 culpavit,
1540 1106 1683 1181 lepitarque
1693 1110 1720 1166 irr
1734 1109 1835 1169 tuttu-

191 1198 257 1252 rouii
279 1195 416 1268 epistolum
430 1194 463 1250 tu
479 1193 581 1266 Pelopii
602 1193 618 1247 l
633 1194 667 1248 ad
687 1192 877 1249 childebertum
892 1209 924 1248 ex
936 1194 985 1248 du·
1040 1197 1109 1249 tione
1122 1193 1371 1250 Veneto·dubbecuo
1386 1207 1447 1251 tom.
1469 1197 1518 1265 Vt,
1530 1208 1556 1255 ct
1573 1198 1714 1257 Valeriano
1723 1207 1835 1274 patricio

191 1288 250 1359 piici
266 1288 415 1359 frapmerrto
429 1285 539 1339 duarum
553 1285 804 1355 planedioersarum
818 1286 986 1356 epistolarum
1038 1285 1190 1341 inscribitur
1204 1303 1213 1340 :
1228 1286 1373 1357 quodsaue
1387 1290 1560 1360 [raymundum
1573 1293 1656 1360 prmo
1676 1293 1779 1363 quidem
1795 1305 1835 1351 to·
1882 1314 1886 1320 ·

191 1391 337 1437 tourmtam
363 1395 420 1433 erse
443 1378 644 1441 auirrrudocrtit‚·
664 1378 702 1430 ita
719 1377 797 1447 plane
808 1387 834 1431 et
848 1376 895 1429 iroc
917 1375 986 1429 idem
1041 1388 1092 1431 tum
1113 1379 1249 1448 epistolam
1269 1379 1386 1450 quintam
1399 1380 1434 1433 ad
1448 1377 1585 1434 Nursetem
1599 1382 1694 1451 reddit,
1707 1385 1837 1441 cuiurrica

191 1472 248 1525 aliis
269 1468 386 1541 ejusdem
411 1466 651 1539 Petaptteprrrottr
674 1459 800 1520 accidiae
820 1480 872 1520 nou
886 1464 984 1520 dubito.
1041 1470 1107 1522 serie
1128 1469 1321 1522 succenturiata
1344 1477 1383 1522 est
1406 1470 1515 1539 epistota
1538 1467 1838 1544 aucmentandum

192 1559 308 1615 Gernime
326 1559 362 1613 ad
376 1556 403 1612 N
406 1567 518 1613 arietem
531 1557 663 1628 epistole,
677 1558 724 1611 illo
738 1573 828 1628 nempe
842 1573 898 1625 quea
912 1573 984 1610 uum.
1004 1551 1092 1615 Bilta
1105 1562 1220 1628 epistole
1230 1572 1410 1632 arpameutum
1424 1562 1518 1617 babent
1540 1564 1688 1628 diuersum,
1703 1582 1784 1638 neque
1796 1570 1836 1622 ol·

192 1650 240 1707 det
252 1653 407 1722 uteroque
419 1666 491 1703 uum.
505 1649 523 1704 b
536 1649 607 1720 apud
621 1647 751 1701 Lnbbeum
764 1649 892 1719 lepurrtur,
904 1665 983 1704 unam
1039 1659 1095 1707 tera
1107 1652 1138 1705 ab
1153 1651 1236 1706 altera
1249 1653 1352 1724 reiuupr'
1362 1654 1495 1708 commode
1507 1662 1622 1723 possent.

191 1741 546 1814 eamdemquecorrtiuuutam
569 1739 703 1809 epistolum
726 1736 848 1793 exhibent
869 1740 897 1792 irr
910 1740 982 1810 frop·
1323 1746 1332 1751 ·’

841 1859 1184 1877 *nt-*t—

403 1934 570 1992 nulsione
593 1934 626 1991 ιι
643 1933 714 2007 (oiim
730 1934 775 2005 Vl.
1042 1937 1184 2008 dolemus,
1204 1939 1302 2010 quibus
1314 1941 1432 1996 donante
1442 1939 1558 1999 Domino
1571 1947 1738 2016 propositum
1754 1954 1796 2002 est
1810 1945 1836 2001 iu

425 2047 459 2084 no
473 2045 574 2084 nausea
596 2043 749 2084 ntrnrcrurr.
1042 2029 1251 2085 mansuetudine
1277 2039 1470 2102 supportantes
1493 2035 1583 2090 onnia
1609 2033 1736 2092 fraternae
1762 2037 1838 2110 pacis

193 2116 280 2177 linum
298 2131 326 2175 ut
342 2122 561 2193 Aquileienremet
576 2119 796 2175 Mediolanensem
809 2123 988 2190 episcoparet
1042 2115 1152 2172 uinculo
1166 2118 1303 2174 custodire
1320 2136 1327 2172 ε
1353 2119 1400 2175 sed
1424 2120 1506 2192 (sicut
1534 2122 1660 2195 diximus)
1676 2123 1836 2180 diuisionem

365 2192 505 2261 principem
518 2189 564 2244 ⁸¹²⁶
577 2190 695 2243 ‘¹5²⁰‘stss
705 2191 815 2262 diripat.
1042 2215 1160 2261 vestram
1173 2208 1318 2275 agenemli
1332 2206 1466 2279 Ecclesia,
1480 2224 1562 2279 quam
1578 2210 1756 2281 tolerabiliter
1764 2210 1835 2268 lerre

224 2304 364 2375 Pelagius,
379 2302 470 2359 Narseo
481 2303 594 2374 patricio
612 2304 631 2356 ¹.
1043 2316 1097 2355 uon
1111 2308 1218 2370 potero,
1233 2300 1522 2372 rennuenterstupco.
1535 2299 1605 2356 Corn
1620 2302 1692 2358 enirn
1710 2304 1835 2359 beatissi-

223 2395 298 2451 lstud
312 2404 355 2450 est
369 2394 440 2464 quod
455 2393 558 2449 arabis
568 2394 750 2465 poposcimus,
766 2404 794 2449 ct
807 2409 878 2449 nunc
891 2394 988 2450 iterum
1041 2407 1102 2447 ruas
1125 2391 1291 2460 Augustinus
1312 2390 1453 2447 dominice
1474 2392 1615 2448 sententiae
1637 2408 1757 2462 mernor,
1783 2408 1837 2464 qua

193 2487 379 2559 postulamus,
393 2495 425 2541 ut
444 2484 586 2541 Paulinum
604 2486 804 2557 Aquileiensenr
827 2486 988 2557 pseudoepi-
1040 2484 1246 2540 laudamentum
1270 2481 1398 2539 Ecclesiae
1419 2484 1445 2538 in
1460 2484 1614 2554 apostolicis
1628 2483 1737 2540 sedibus
1751 2485 1837 2541 collo·

193 2593 317 2649 scopum,
332 2584 361 2632 et
379 2576 454 2631 illum
469 2572 697 2632 blcdiolaneusem
711 2575 869 2647 episcopum
884 2575 916 2629 ad
934 2576 989 2630 cle·
1041 2576 1133 2644 cavit,
1148 2578 1176 2632 in
1190 2576 1337 2632 schismate
1357 2591 1418 2632 esse
1436 2575 1517 2644 dicat,
1532 2578 1685 2647 quicunque
1695 2593 1725 2636 se
1738 2594 1754 2633 a
1769 2594 1838 2650 prae·

194 2669 393 2725 meritissimum
404 2666 553 2739 principem
566 2667 616 2723 sub
630 2667 709 2736 digua
721 2667 841 2723 custodia
857 2665 988 2735 dirigatisr
1041 2666 1107 2722 solis
1119 2663 1276 2727 carumdem
1296 2665 1399 2721 sedium
1413 2666 1575 2721 auctoritate
1589 2666 1631 2722 rel
1646 2669 1838 2725 communione

194 2768 221 2815 ut
241 2768 270 2815 et
283 2760 334 2814 iste
346 2760 392 2828 qui
412 2758 554 2831 episcopus
567 2773 627 2814 esse
645 2757 911 2829 nullaterruspotest‚
926 2757 1026 2842 quiec
1045 2755 1229 2827 suspenderit;
1249 2771 1300 2811 nec
1314 2755 1394 2810 aliam
1417 2755 1571 2813 manifestet
1595 2770 1656 2814 csse
1676 2755 1837 2822 Ecclesiam,

194 2857 288 2905 contra
303 2863 414 2904 omnem
428 2849 586 2904 canonicam
607 2847 990 2912 consuetudiucmlactusest,
1043 2848 1094 2903 nisi
1114 2863 1175 2916 quae
1190 2848 1216 2902 iu
1236 2844 1408 2917 pontificibus
1432 2846 1643 2917 apostolicarum
1667 2848 1772 2903 sedium
1796 2856 1839 2903 est

194 2940 262 2999 alius
287 2940 359 2995 altra
381 2955 436 2996 non
464 2940 575 3011 perdam
603 2949 631 2995 ct
650 2939 697 2994 ille
715 2941 762 3008 qul
776 2926 871 2996 eontra
886 2954 990 2995 moreni
1042 2939 1158 2996 solidata
1181 2939 1317 2995 radicibus
1334 2957 1340 2992 :
1355 2939 1491 3009 quomodo
1510 2954 1560 2995 uos
1583 2939 1618 2993 ab
1632 2939 1751 2996 uniuersi
1766 2941 1839 2996 orbis

194 3034 336 3103 antiquum
357 3049 419 3088 erun
442 3034 568 3089 ordinare
583 3033 763 3103 praesumpsit,
778 3047 912 3088 canonum
933 3032 991 3086 rriu-
1043 3030 1234 3086 communione
1247 3038 1389 3100 separatos
1404 3044 1464 3085 esse
1479 3045 1532 3085 uon
1548 3029 1657 3085 creditis
1670 3070 1678 3096 ,
1693 3030 1780 3087 simei
1796 3032 1838 3085 iu·

195 3123 272 3178 dictae
286 3123 435 3192 subiaceat.
448 3122 505 3178 Nec
516 3122 592 3177 licuit
605 3122 685 3178 alicui
696 3120 849 3192 aliquando,
862 3135 914 3176 uec
927 3120 992 3175 liec-
1044 3133 1086 3176 ter
1099 3135 1177 3177 sacra
1190 3121 1319 3194 mysteria
1329 3118 1477 3177 secundum
1488 3117 1711 3175 cousuetudinem
1724 3119 1839 3178 nominis
1853 3124 1884 3179 >t

195 3213 232 3268 bit
255 3214 448 3285 particularem
462 3212 594 3286 synodum
611 3226 799 3283 congregare:
825 3210 873 3268 sed
885 3211 994 3279 quotics
1045 3213 1202 3270 memoriam
1225 3213 1397 3277 reticetis‚'in
1411 3228 1483 3282 qno,
1499 3212 1566 3268 lrcet
1586 3212 1705 3284 indigno,
1728 3221 1839 3284 aposto·

195 3306 284 3376 aliqua
294 3304 328 3360 de
340 3303 485 3360 uniuersali
495 3305 599 3377 syuodo
612 3303 745 3372 aliquibus
759 3302 891 3358 dubitatio
901 3302 991 3358 nasci·
1044 3303 1102 3360 liae
1122 3303 1194 3359 sedis
1217 3319 1266 3376 per
1291 3302 1489 3360 successionem
1514 3304 1684 3375 episcopatus
1711 3301 1838 3376 praesenti

196 3405 240 3450 tur
251 3436 261 3461 ,
271 3394 307 3448 ad
322 3394 504 3464 recipiendam
519 3394 553 3448 do
564 3409 598 3449 eo
613 3391 687 3464 quod
702 3409 756 3448 nou
771 3393 933 3460 intelligunt,
950 3407 992 3446 ra·
1045 3403 1167 3463 tompore
1187 3393 1283 3449 ridetis
1301 3394 1453 3449 consistere
1468 3393 1641 3449 llrmitatemt

196 3488 296 3540 tiorrcrn
309 3523 318 3548 ,
332 3491 379 3538 aut
387 3493 484 3554 sponte
497 3483 514 3537 ii
525 3483 570 3552 qui
584 3482 698 3537 salutern
709 3482 806 3536 auiure
819 3495 875 3537 sure
888 3480 992 3537 deside·
1079 3485 1132 3540 Sed
1147 3501 1182 3541 ne
1195 3486 1267 3557 apud
1288 3501 1337 3541 ros
1359 3485 1447 3550 forte,
1463 3487 1505 3541 vel
1520 3487 1589 3556 apud
1601 3501 1697 3557 greges
1706 3487 1752 3560 qui
1763 3487 1838 3544 robis

196 3587 277 3640 rant,
306 3576 341 3630 ad
361 3574 706 3646 apostolicumsederupro
720 3573 872 3645 recipienda
888 3573 992 3629 ratione
1044 3576 1182 3631 commissi
1194 3584 1266 3640 sunt,
1278 3575 1312 3632 de
1324 3574 1376 3630 ilde
1389 3584 1424 3631 utr
1434 3585 1481 3630 >tra
1496 3577 1585 3646 aliqua
1600 3578 1686 3648 possit
1698 3593 1838 3634 remanere

197 3665 379 3729 conueniant,
395 3673 444 3719 aut
465 3664 486 3719 si
510 3663 580 3719 sorte
595 3663 677 3736 (sicut
698 3663 732 3719 de
752 3664 848 3719 talibus
860 3663 992 3734 scripturn
1043 3667 1181 3740 suspicio,
1195 3668 1249 3724 hnc
1270 3666 1443 3725 dilectionem
1456 3679 1575 3724 cestram
1593 3669 1744 3725 certissime
1758 3685 1838 3726 nome

197 3765 236 3810 est
250 3755 344 3827 (Pron.
362 3756 457 3826 strar),
473 3754 600 3810 l’eccator
614 3757 778 3810 cumvenerit
791 3756 818 3811 iu
833 3755 992 3828 protundum
1043 3758 1231 3832 desidero,me
1245 3760 1328 3827 illam,
1336 3759 1457 3818 donante
1467 3760 1593 3827 Domino,
1606 3760 1743 3817 custodire
1757 3762 1837 3818 iidenr

198 3849 345 3913 malorum,
372 3848 523 3918 curterarrit)
550 3847 587 3902 ita
612 3847 743 3903 obstinati
766 3857 794 3902 et
816 3856 992 3903 contumaces
1043 3866 1124 3921 quam
1146 3867 1223 3907 sacra
1244 3852 1428 3923 apostolorum
1443 3851 1564 3909 doctrina
1578 3852 1734 3919 constituit,
1757 3867 1837 3923 quarn

198 3939 361 4007 exstiterint,
380 3948 411 3995 ut
425 3939 517 3994 doceri
528 3955 582 3994 nou
598 3939 695 4005 relint;
710 3939 802 3995 eosab
813 3940 915 3995 eisdem
925 3944 992 4010 apo2
1043 3945 1158 4000 uicem
1172 3943 1266 4017 synodi
1283 3943 1399 3999 firmarit
1413 3943 1576 4010 auctoritas,
1588 3956 1668 4014 quam
1684 3941 1833 4000 Constanti·

199 4035 300 4092 stolicis
317 4034 427 4091 salibus
441 4044 488 4089 aut
510 4035 609 4089 attrahi
623 4035 657 4089 ad
672 4035 786 4091 salutern
800 4036 991 4107 quoquomodo
1044 4037 1217 4108 nopolitnnrc,
1244 4034 1391 4107 Ephesium⁸
1412 4036 1521 4106 prima,
1548 4041 1576 4090 et
1599 4033 1837 4102 Chalcerlrncusis,

199 4137 308 4181 neccsse
321 4135 374 4191 est,
398 4135 444 4181 aut
469 4126 515 4198 (nc
537 4126 650 4180 aliorum
674 4126 789 4197 perditio
804 4140 863 4181 esse
876 4126 991 4199 possint)
1009 4096 1032 4155 ⁰
1045 4138 1199 4183 sanctarum
1221 4126 1385 4199 synodorum
1409 4126 1590 4198 explanavere
1615 4126 1773 4194 sentehtiae,
1788 4143 1839 4182 uec

200 4219 344 4275 secuudum
365 4233 485 4274 canones
499 4233 548 4288 per
570 4218 713 4274 saecutnes
736 4218 877 4289 comprimi
900 4226 993 4289 poles·
1045 4219 1190 4288 quidquam
1214 4218 1248 4273 dc
1267 4217 1438 4288 praelatarum
1459 4215 1624 4288 synodorum
1637 4214 1838 4273 delinitionibus

202 4321 277 4368 tates.
1045 4310 1087 4365 uel
1102 4310 1268 4365 imminuisse
1282 4322 1325 4363 rne
1339 4306 1450 4377 aliquid,
1462 4306 1506 4362 rel
1520 4306 1637 4374 auxisse,
1651 4315 1696 4361 aut
1710 4307 1736 4361 in
1747 4306 1838 4376 aliquo

406 4422 574 4479 Eppspoqp
594 4424 617 4480 p
637 4424 711 4495 popm
725 4422 781 4479 pp,
1045 4410 1226 4470 permutassc;
1242 4398 1289 4455 sed
1299 4399 1401 4463 omnia,
1412 4398 1469 4453 lieo
1480 4397 1606 4468 propitio,
1620 4411 1679 4467 qute
1693 4398 1727 4453 ab
1741 4398 1792 4454 iilis
1804 4398 1838 4454 dc

761 4472 768 4494 ¹
1045 4491 1105 4546 iidei
1132 4491 1249 4561 puritate
1263 4489 1416 4560 conscripta
1430 4495 1509 4553 sont,
1533 4487 1728 4544 inviolabiliter
1742 4495 1836 4545 custo·

1041 4564 1115 4637 dire:
1129 4579 1307 4636 anathematis
1321 4577 1495 4634 nihilomiuus
1506 4576 1607 4647 judicio
1621 4576 1748 4645 subdens,
1760 4578 1835 4649 quis·

1044 4672 1104 4743 quis
1123 4681 1157 4726 au
1170 4672 1413 4742 suprascriptarum
1429 4678 1552 4739 quatuor
1571 4670 1736 4743 synodorum
1753 4670 1833 4727 lidenr

429 4551 464 4589 no
482 4551 619 4593 uetsconos
640 4550 750 4591 reserat.

376 4641 451 4715 ipsos
465 4644 497 4699 ob
510 4646 622 4699 schisma
633 4645 804 4716 reprehendit.

236 4754 420 4811 dilectissimis
443 4756 571 4815 iratribus
597 4754 767 4826 Gaudentio,
797 4756 990 4821 blaximiliano,
1043 4762 1086 4817 rel
1101 4762 1134 4816 ad
1159 4761 1305 4817 beatissimi
1331 4759 1429 4816 Leonis
1443 4758 1565 4831 praesulis
1587 4760 1742 4831 apostolicae
1764 4760 1837 4815 sedis

204 4844 350 4911 Gerontio,
370 4844 466 4915 lusto,
482 4845 631 4916 Terentio,
648 4847 728 4903 titali
742 4857 770 4904 et
787 4847 932 4906 laurentio
945 4862 993 4919 per
1045 4853 1159 4909 Tamum
1173 4892 1181 4918 ,
1193 4854 1238 4924 qui
1254 4852 1282 4906 in
1295 4850 1508 4908 chalcedonensi
1522 4858 1564 4906 cst
1577 4849 1681 4922 synodo
1691 4848 1833 4905 confirma·

203 4936 322 4996 Tusciam
337 4941 528 5007 Annonariam·
544 4940 677 5010 Pelagius·
1045 4954 1107 5011 tus,
1122 4945 1211 5015 aliqua
1232 4959 1266 4999 ex
1285 4954 1363 5014 parte
1376 4943 1418 4998 rel
1431 4940 1618 4998 iullrmandum
1632 4939 1836 5010 quoquomodo,

237 5032 368 5089 uireccnrr
391 5050 407 5088 a
428 5034 505 5090 robis
519 5032 698 5099 relationem,
713 5032 855 5088 delensore
867 5029 992 5089 Ecclesiae
1043 5038 1086 5092 rel
1110 5036 1137 5092 iu
1154 5035 1263 5092 dubium
1276 5033 1357 5106 (quod
1384 5034 1464 5103 absit)
1487 5029 1670 5088 deducendum
1692 5028 1836 5099 aliquando

204 5132 296 5179 nostre
309 5123 429 5181 iordane
441 5123 804 5196 deserente,suscipieutes,
816 5126 883 5181 satis
902 5126 993 5181 mirati
1043 5128 1221 5183 consenserit.
1247 5125 1303 5181 linc
1314 5126 1394 5194 igitur
1412 5121 1523 5179 dilectio
1545 5129 1636 5176 restra
1657 5116 1721 5176 lidei
1736 5130 1847 5177 nostrar

205 5216 993 5288 rumusttrrrosrposrolieaaucrurttarisoblitos,ordirisio·
1044 5217 1211 5288 professione
1225 5216 1340 5281 munita,
1354 5214 1531 5284 ignorantiam
1546 5212 1683 5266 bominum
1698 5212 1780 5284 (sicut
1790 5229 1836 5268 sa·

206 5323 262 5365 ocru
273 5321 391 5367 uestram
402 5312 437 5367 ab
446 5311 592 5367 uniuersali
602 5309 721 5368 Ecclesia
735 5327 797 5366 meo
806 5312 887 5366 etlam
901 5312 993 5368 rolue·
1042 5315 1165 5367 cerrlotes
1193 5309 1282 5379 dccet)
1308 5307 1335 5362 iu
1364 5306 1459 5377 spiritu
1486 5303 1698 5360 mansuetudinis
1720 5303 1835 5361 edocere

206 5400 355 5472 ritislquorl
377 5402 457 5473 absit)
479 5417 613 5463 consensu
635 5402 749 5468 firnrari;
770 5410 798 5457 et
811 5417 879 5473 quos
901 5402 992 5459 decuit
1046 5403 1162 5466 destinet,
1173 5409 1226 5456 eta
1240 5415 1322 5471 prava
1338 5399 1487 5453 intentione
1497 5394 1586 5453 modis
1609 5395 1733 5452 onruibus
1753 5412 1834 5451 reru·

205 5492 356 5562 popularem
368 5494 546 5561 ignorantiam
560 5496 720 5551 sacerdotali
735 5494 857 5551 doctriua
874 5494 993 5565 compri-
1045 5508 1107 5547 care
1127 5501 1208 5575 atque
1231 5491 1326 5546 unitati
1347 5485 1476 5543 Ecclesiae
1497 5486 1620 5542 reddere.
1636 5485 1713 5555 Quod
1735 5486 1834 5557 siquis

207 5598 276 5640 merc
288 5625 296 5651 ,
310 5585 336 5640 in
350 5586 540 5641 contumeliam
555 5585 808 5659 sedisapostolicae,
822 5585 909 5657 plebis
923 5583 991 5639 velle
1045 5581 1115 5636 irrrte
1137 5581 1220 5635 etiam
1240 5588 1305 5652 post
1324 5578 1382 5632 hnc
1396 5577 1513 5648 aliquem
1526 5576 1577 5633 sibi
1591 5592 1733 5649 superesse
1747 5576 1834 5633 credit

207 5677 276 5744 sequi
288 5676 430 5745 judicium.
450 5674 505 5731 Nec
516 5676 566 5731 ista
585 5676 718 5747 diceutes,
728 5676 854 5747 injuriam
869 5684 991 5732 nostram
1045 5670 1217 5742 scrupulum
1233 5670 1268 5728 ab
1283 5670 1378 5725 insano
1392 5668 1509 5725 tumulto
1519 5664 1655 5737 desinens,
1669 5665 1703 5722 ad
1715 5681 1764 5723 uos
1774 5681 1833 5721 ura·
1933 5681 1943 5699 ι

240 5791 248 5821 ¹
267 5791 372 5859 bruel,
386 5790 432 5846 lib.
447 5804 500 5857 nn,
515 5806 539 5846 c.
552 5792 577 5847 ι.
593 5794 685 5871 Pulpe.
700 5793 749 5852 lib.
763 5808 781 5859 r,
799 5792 842 5847 tit.
853 5788 896 5845 td.
