4059 6184
285 340 334 398 tas
848 334 884 390 ll.
907 332 1077 391 abablius
1095 330 1341 391 casstoueutts.
1866 326 1917 386 tit

280 464 341 507 esse
354 447 488 506 crederes.
504 446 613 517 singula
627 447 671 503 bie
680 444 835 503 describere
855 445 965 516 longum
979 454 1070 502 esset:
1086 450 1109 507 Α
1124 444 1243 516 singulas
1256 458 1347 500 rerum
1365 442 1516 514 spectasse
1532 441 1693 514 aequabilem
1706 440 1834 516 penderis
1852 458 1918 502 cen-

282 522 308 575 id
323 530 410 576 tamen
425 519 630 590 pretermittere
651 531 705 573 non
727 531 879 586 possumus,
893 531 948 586 quo
969 516 1021 571 sub
1042 530 1072 571 se
1124 529 1215 571 suram
1229 515 1327 583 exigit;
1338 515 1480 583 sancitque
1492 529 1572 571 sensu
1587 513 1732 569 verborum
1743 514 1842 585 cuique
1862 524 1920 575 sta·

281 591 442 645 constitutos
449 587 602 657 judiccssic
613 586 758 656 alloquitur
770 585 840 655 (Lib.
854 602 891 654 xr,
906 603 948 658 ep.
960 584 987 658 9)
1001 604 1009 638 :
1023 584 1074 640 lu·
1126 585 1174 640 tim
1188 585 1279 649 obvio,
1289 584 1340 641 sub
1350 584 1581 640 animadversione
1594 584 1759 653 gravissimae
1773 599 1870 654 poenae,
1886 602 1920 642 ne

280 660 376 714 dicium
386 658 461 730 quasi
471 658 637 730 jurisdicium
649 657 793 727 cognoscite
804 658 958 719 comiatum:
972 671 1073 726 proesu·
1125 655 1189 725 quis
1199 656 1316 726 pretium
1333 669 1349 709 a
1363 670 1393 711 se
1407 654 1584 710 constitutum
1607 653 1739 719 minuere,
1755 653 1800 711 vel
1820 668 1918 727 augere

280 733 331 784 lem
346 746 421 801 apere
436 746 487 783 non
500 728 580 793 decet,
602 727 670 798 quod
687 728 752 781 alter
774 736 886 781 accuset.
904 726 972 792 Quid
985 728 1074 781 timeat
1125 740 1142 781 u
1177 740 1238 779 uara
1252 724 1360 780 audeat

284 813 421 859 reuneum
436 799 528 853 uiderit
542 799 639 852 crimen
651 800 678 850 in
693 794 806 869 fascibus
821 797 1006 851 constitutum?
1186 795 1255 852 ltero
1270 794 1361 851 edicto
1376 803 1454 852 cavet
1466 810 1501 851 ue
1520 792 1620 863 justam
1632 794 1732 864 publici
1749 794 1830 866 pretii
1845 810 1922 851 meu·

318 869 332 942 5
349 867 466 923 xxxii.
483 868 552 932 Qruid
566 868 699 939 scripserit
715 866 827 921 Senator
845 866 880 920 ad
894 865 1024 922 loanrrem
1049 873 1075 921 et
1125 879 1216 920 suram
1230 866 1364 921 excedant
1378 867 1405 922 in
1419 864 1571 936 hospitibus
1586 862 1751 934 excipiendis
1761 881 1919 936 caupones:

175 952 180 958 ·
280 938 456 994 Ambrosium.
470 936 602 993 Caeterum
615 937 725 1007 singulis
740 937 940 1005 magistratibus
953 937 1075 993 scribens
1126 932 1382 1007 Recipiamrlrospes
1404 936 1439 991 ad
1453 936 1536 1006 pretia
1550 935 1668 1004 definita,
1683 936 1846 1007 iniquitatem
1868 952 1921 992 nau

173 5623 177 5631 Ι
278 5569 424 5626 poneretur
435 5561 575 5615 nrrrderata
588 5564 666 5631 pretii
679 5565 794 5629 taxatio;
809 5564 954 5619 veritusne
968 5580 1071 5635 paupe-
1119 5574 1218 5620 strare.

280 1009 406 1074 Senator,
421 1024 469 1064 eos
479 1007 639 1063 adhortatur
651 1008 685 1061 ad
708 1006 843 1076 aequitatis
857 1007 1075 1062 obseruationem
1125 1006 1242 1075 patiatur
1256 1022 1371 1067 nuaram,
1385 1007 1429 1079 qui
1440 1007 1565 1061 inuitatur
1584 1005 1619 1059 ad
1633 1014 1755 1077 gruttam.
1771 1005 1857 1075 liujus
1870 1008 1921 1063 de·

280 1095 313 1135 ea
325 1081 351 1147 ri
365 1079 521 1141 verborum,
532 1093 565 1133 eo
577 1077 675 1132 mentis
684 1077 785 1146 vigore,
797 1084 827 1131 ut
837 1076 929 1132 mirari
939 1078 1004 1134 satis
1014 1076 1076 1146 quis
1126 1074 1194 1130 creti
1206 1075 1353 1131 violatores
1367 1076 1461 1133 iisdem
1476 1075 1584 1144 subjicit
1596 1075 1682 1146 pmnis
1694 1091 1763 1144 quas
1782 1092 1833 1146 pro
1847 1076 1922 1147 prio·

280 1147 342 1205 non‘
354 1150 441 1219 possit
466 1146 563 1202 ar'dens
582 1147 693 1217 justitie
713 1146 841 1213 studium,
862 1160 943 1216 quam
966 1147 1075 1219 quidem
1126 1144 1164 1199 ris
1177 1145 1383 1201 conservatione
1397 1145 1532 1212 deceruit;
1548 1154 1576 1200 et
1591 1160 1624 1201 ue
1646 1145 1691 1202 cui
1707 1146 1777 1202 ullus
1798 1147 1923 1216 querela·

280 1235 361 1274 unam
373 1220 486 1288 spirare,
502 1217 545 1273 cui
560 1216 606 1272 uni
623 1232 653 1271 se
673 1225 759 1272 totum
773 1232 789 1271 a
804 1230 888 1286 puero
903 1218 992 1271 manci
1012 1231 1076 1273 asse
1126 1228 1186 1269 rum
1208 1216 1407 1283 relinqueretur
1426 1216 1512 1281 locus,
1532 1216 1723 1287 praetorianum
1748 1216 1864 1272 militem
1882 1217 1920 1272 ad

202 1348 205 1353 ,
279 1289 431 1344 ridebatur.
454 1287 488 1341 Et
507 1303 571 1342 vero
594 1287 681 1342 nullus
695 1287 729 1341 ab
748 1287 781 1344 iis
804 1302 874 1355 qrros
898 1233 1076 1344 cancelfmios
1126 1283 1233 1355 publica
1259 1284 1407 1340 diversoria
1426 1295 1455 1341 et
1478 1286 1594 1356 hospitia
1609 1285 1761 1352 destinavit,
1783 1301 1838 1355 quo
1861 1302 1924 1343 cum

279 1373 344 1414 suos
353 1365 501 1421 creaverat,
518 1357 710 1427 promptiorem
721 1357 747 1411 in
758 1355 933 1426 expediendis
942 1356 1076 1413 mandatis
1127 1354 1247 1481 primarii
1257 1355 1331 1410 cives
1341 1363 1369 1410 et
1380 1355 1500 1427 episcopi
1510 1371 1623 1411 annorum
1634 1357 1749 1426 pretium
1759 1364 1923 1412 statuerent.

280 1427 456 1491 voluntatem,
473 1435 502 1483 et
515 1428 542 1481 in
553 1427 702 1482 referendis
714 1427 747 1482 ad
762 1442 793 1482 se
805 1427 955 1497 supplicum
968 1427 1078 1497 petitio·
1148 1426 1173 1481 ic
1186 1426 1257 1481 enim
1276 1426 1352 1495 ipse:
1370 1423 1455 1490 Quam
1478 1428 1551 1481 nriies
1573 1434 1661 1481 noster
1683 1428 1711 1480 iu
1732 1443 1786 1481 rem
1808 1427 1926 1483 directas

278 1497 359 1553 nibus
389 1498 468 1553 tidem
495 1498 581 1566 magis
604 1498 789 1567 incorruptam
812 1497 962 1566 exigebat:
986 1497 1077 1553 nullus
1126 1495 1211 1568 pretia
1225 1512 1282 1550 cum
1297 1495 1391 1550 ciuibus
1405 1506 1482 1568 atque
1504 1496 1630 1567 episcopm
1649 1497 1763 1552 locorum
1777 1496 1867 1551 tiatira
1882 1516 1928 1552 ra·

278 1568 426 1623 districtius
452 1568 628 1638 prohibebat,
652 1580 687 1621 ue
712 1566 833 1637 pecunie
863 1574 911 1621 aut
934 1582 1077 1623 muamum
1127 1566 1197 1620 tione
1211 1567 1348 1620 censuerit.
1369 1565 1426 1621 Nec
1439 1566 1668 1621 oruittendaratio
1691 1582 1771 1634 quarn
1792 1566 1924 1635 subjicit:

280 1638 420 1707 largitione
431 1652 528 1694 manus
539 1635 700 1704 inficerent;
716 1632 806 1692 nullus
814 1637 988 1719 precipiebat
1000 1638 1077 1693 solli·
1129 1635 1254 1707 sufficere
1263 1637 1333 1691 euim
1345 1636 1437 1691 debent
1446 1634 1563 1692 omnibus
1574 1637 1680 1691 ironeam
1690 1636 1763 1690 lucra
1772 1638 1805 1692 de
1814 1637 1927 1709 dubus,

280 1708 361 1765 citius
378 1708 551 1763 commissum
574 1707 690 1762 alliciam
712 1708 752 1763 sic
776 1708 893 1769 obirent,
915 1717 945 1763 ut
971 1708 1076 1765 cunctis
1127 1704 1369 1778 ncobsessapon'us
1384 1707 1519 1762 uideantur
1532 1708 1627 1762 itinera
1640 1723 1696 1762 esse
1712 1705 1855 1762 latronum.

279 1778 388 1847 probari
399 1787 492 1847 posset
504 1792 610 1833 summa
624 1784 680 1832 tum
690 1776 923 1841 cancellariorum,
937 1785 993 1832 tum
1006 1793 1078 1848 pre·
1092 1814 1115 1876 B
1163 1774 1267 1832 idcirco
1279 1777 1390 1845 justitiae
1403 1777 1616 1833 amantissimum
1628 1775 1711 1832 irrisse
1725 1777 1859 1833 laesorur
1871 1790 1924 1834 ne·

279 1847 345 1903 lecti
356 1848 484 1917 pretorio
497 1848 619 1917 aequitas.
636 1846 731 1902 Elucet
752 1847 805 1902 boc
822 1863 884 1918 pers
902 1848 963 1903 icue
977 1847 1004 1902 in
1017 1847 1076 1918 ejus
1129 1859 1206 1902 cesse
1219 1855 1271 1911 est,
1282 1861 1363 1915 quam
1375 1846 1456 1903 rebus
1473 1848 1501 1904 iu
1514 1846 1626 1918 siugulis
1638 1846 1820 1903 administrari
1831 1861 1928 1903 serva·

278 1918 392 1989 epistola
403 1917 437 1972 ad
446 1915 581 1973 loannem
596 1917 677 2001 ilar.
694 1916 739 1972 lib.
756 1931 794 1982 ιι,
809 1933 851 1987 ep.
867 1863 915 1989 δῖε
933 1916 986 1972 Per
996 1927 1079 1973 terra
1128 1915 1206 1985 rique
1219 1917 1337 1972 noluisse
1352 1924 1486 1974 testantur
1496 1917 1531 1973 ab
1544 1933 1579 1973 eo
1592 1918 1703 1973 sancum
1720 1917 1804 1986 leges,
1819 1917 1927 1983 edicta,

280 1990 343 2043 stris
365 1986 471 2042 aumbus
494 1987 652 2043 desiderium
678 1988 802 2059 supplicis
816 1988 983 2044 innotescet:
1000 1989 1078 2062 jussa
1127 1984 1254 2069 decretaj
1278 1994 1307 2042 et
1326 1987 1449 2056 quamvis
1475 1997 1548 2044 totus
1576 1996 1653 2069 esset·
1669 1987 1703 2069 ad
1726 1987 1927 2043 humanitatem

279 2066 370 2114 nostra
384 2058 440 2113 sine
453 2057 540 2113 studio
554 2059 702 2113 venalitatis
719 2057 853 2129 expedias.
875 2055 1020 2131 Omniaque
1039 2059 1078 2112 sic
1128 2064 1305 2126 compositus,
1320 2057 1379 2112 zelo
1393 2066 1483 2113 tamen
1497 2058 1632 2128 equitatis
1647 2062 1772 2113 incitatus
1793 2058 1827 2111 ad
1849 2072 1929 2113 sere·

278 2145 367 2265 aeras,
383 2136 412 2182 ut
432 2137 548 2182 nostram
571 2129 656 2198 passis
672 2128 852 2183 commendare
863 2128 1004 2199 justitiam,
1022 2136 1076 2183 etc.
1129 2125 1237 2181 ritatem
1253 2127 1398 2197 aliquando
1409 2125 1485 2183 llexit
1496 2130 1626 2184 animum.
1640 2125 1741 2183 Verum
1751 2143 1812 2185 cum
1824 2127 1929 2184 ardore

304 2199 348 2253 uid
361 2212 427 2253 vero
442 2198 469 2253 in
484 2197 574 2254 olllcio
589 2198 769 2269 praestandum
796 2195 894 2254 loanni
917 2199 1077 2254 nominatim
1126 2193 1237 2265 iustitie
1250 2196 1292 2251 vir
1301 2197 1420 2268 prudeus
1434 2206 1488 2253 tam
1504 2197 1629 2269 aequabili
1644 2206 1859 2268 temperamento
1874 2212 1928 2268 pa-

278 2269 411 2337 designat,
429 2268 605 2340 praecipitque
619 2275 649 2323 ut
663 2267 799 2338 expendat
817 2267 973 2337 diiigenter,
995 2283 1077 2351 quam
1129 2274 1233 2321 ternum
1256 2266 1283 2320 iu
1303 2267 1426 2323 subditos
1453 2283 1575 2324 amorem
1599 2267 1725 2335 sociarit,
1739 2277 1769 2323 ut
1793 2283 1839 2323 res
1861 2283 1929 2339 qum

278 2339 375 2394 debeat
387 2339 498 2394 monitis
511 2340 568 2395 suis
578 2353 638 2394 esse
650 2338 779 2406 intentus,
793 2353 827 2393 ne
841 2338 967 2407 cuiquam
982 2338 1078 2412 displi·
1128 2333 1293 2392 dillicultatis
1305 2337 1405 2408 aliquid
1422 2347 1588 2408 paterentur,
1603 2353 1653 2394 suo
1667 2338 1726 2409 ipse
1744 2338 1848 2409 judicio
1873 2352 1929 2393 ex·

278 2418 348 2474 ceat,
361 2417 409 2463 aut
419 2408 584 2480 improbetur
594 2417 705 2464 evectus
719 2408 754 2463 ab
771 2423 806 2463 eo
820 2407 853 2462 ad
872 2408 974 2480 publici
997 2408 1077 2477 buius
1130 2405 1270 2476 penderet,
1283 2414 1330 2462 aut
1350 2407 1385 2464 ad
1402 2408 1476 2465 solos
1493 2410 1646 2481 episcopos,
1660 2409 1707 2479 qui
1726 2409 1820 2465 Patres
1840 2409 1929 2480 spiri·

279 2479 525 2548 bonorisgradum.
541 2477 644 2533 Eodem
667 2492 738 2548 pene
757 2492 835 2534 exem
856 2479 883 2533 lo
901 2478 994 2535 scribit
1004 2477 1075 2552 (tri.
1131 2477 1219 2531 tuales
1228 2484 1301 2541 sunt,
1313 2478 1475 2534 remitteret

278 2563 316 2611 ιιι,
332 2566 373 2619 ep.
384 2547 413 2617 5)
424 2548 461 2624 ¹ad
475 2548 645 2603 Ambrosium
659 2548 732 2603 sices
750 2562 813 2604 suas
832 2494 926 2604 Romae
939 2559 1075 2617 agentem,
1159 2544 1319 2619 cxxxix.
1337 2547 1427 2605 llomae
1440 2552 1509 2620 {ame
1534 2548 1665 2606 laboranti
1678 2550 1805 2606 macerrit
1819 2548 1930 2607 cassia·

280 2626 310 2672 ut
325 2618 352 2673 in
369 2617 538 2687 procuranda
552 2618 713 2688 populorum
727 2617 819 2686 quiete
839 2618 924 2673 labori
938 2634 992 2674 uon
1033 2634 1078 2674 ar·
1129 2614 1220 2673 dumi.
1241 2617 1404 2674 Admiranda
1418 2620 1459 2674 sui
1473 2633 1537 2689 erga
1551 2622 1624 2678 cives
1643 2622 1743 2677 amaris
1762 2630 1931 2690 argumenta

279 2694 351 2743 cat:
379 2686 510 2755 adjiciens
536 2702 591 2742 non
614 2702 677 2743 eum
705 2686 799 2753 latere,
822 2696 950 2757 quantum
976 2704 993 2744 o
1022 2689 1078 2746 ciat
1131 2695 1189 2742 tum
1207 2689 1325 2743 maxime
1359 2689 1463 2756 raebuit,
1479 2706 1540 2745 cum
1554 2707 1658 2747 summa
1672 2706 1787 2747 annonae
1805 2689 1930 2747 dilllcnl·

277 2756 391 2828 justitim
405 2755 508 2825 legibus
516 2755 636 2827 judicum
651 2757 831 2826 negligentia;
845 2757 943 2828 detque
953 2773 1076 2829 operam,
1131 2764 1189 2814 tate
1208 2755 1295 2814 Roma
1312 2705 1464 2815 infloraret:
1480 2760 1554 2830 quod
1573 2761 1618 2818 ubi
1640 2762 1756 2834 primum
1778 2762 1930 2829 intellexit,

280 2835 310 2883 ut
319 2842 369 2883 suo
382 2826 519 2897 splendori
527 2826 633 2896 iustitia
645 2827 812 2882 restituatur.
829 2825 914 2883 dabar
927 2841 1010 2885 uester
1019 2847 1079 2899 pro·
1130 2843 1239 2885 omnem
1254 2844 1364 2898 operam
1379 2829 1511 2886 sollicitus
1525 2831 1654 2903 impendit
1667 2840 1697 2888 ut
1711 2831 1790 2889 Urbis
1803 2832 1931 2902 inopiam

281 2898 430 2952 curetmibi
444 2897 558 2953 omnum
605 2899 690 2952 istem.
712 2895 791 2953 Scitis
810 2914 868 2970 qua
889 2899 975 2969 turpia
988 2900 1078 2971 neglc-
1129 2899 1295 2965 sublevaret,
1311 2900 1447 2956 nibiluon
1464 2902 1573 2958 molitus
1587 2910 1710 2973 utquam
1734 2903 1862 2959 celeriter
1900 2918 1932 2957 u-

281 2977 337 3022 etus
350 2966 486 3023 intulerit:
496 2913 617 3040 scapuffis
628 2966 748 3022 uitandus
761 2977 810 3034 est,
824 2968 869 3023 nii
884 2970 951 3024 aler
969 2970 1078 3041 oticndit
1128 2969 1200 3026 blico
1213 2970 1285 3041 malo
1296 2971 1460 3039 mederetur,
1473 2972 1554 3028 etiam
1565 2982 1693 3043 suscepto
1704 2972 1784 3041 longo
1798 2982 1854 3027 eta
1893 2987 1931 3029 uo

281 3036 418 3111 (ibidem).
791 3060 797 3075 r
1129 3040 1236 3104 itinere,
1256 3049 1288 3096 ut
1306 3040 1364 3112 ipse
1377 3041 1410 3096 ad
1430 3040 1601 3098 Ambrosium
1624 3057 1688 3100 suas
1709 3044 1736 3098 in
1756 3042 1829 3101 Urbe
1850 3043 1932 3099 vices

318 3107 333 3181 i
348 3106 480 3166 xxxvii.
495 3106 588 3163 Edicta
604 3115 629 3163 et
642 3107 789 3164 sollicitudo
810 3107 956 3177 Senatorii,
975 3126 1009 3165 nc
1031 3112 1078 3166 tri·
1129 3117 1268 3180 gerentem
1279 3112 1400 3167 scribens
1412 3119 1527 3168 testatur
1539 3111 1618 3182 (Ver.
1629 3113 1674 3169 lii.
1686 3130 1723 3177 xv,
1738 3131 1780 3185 ep.
1795 3111 1842 3183 bt:
1861 3112 1932 3169 lde·

281 3176 344 3233 buta
363 3179 472 3250 populos
491 3188 639 3251 gravarent.
659 3176 826 3235 Videbantur
851 3180 951 3234 tributa
979 3189 1075 3236 contra
1089 3192 1111 3253 c
1127 3182 1196 3235 enim
1206 3183 1422 3251 peregrinationis
1433 3183 1608 3248 incommoda,
1627 3184 1736 3240 identat
1752 3194 1868 3256 ungusta
1885 3201 1931 3240 ce·

278 3249 340 3374 'pura
351 3248 486 3319 aequitatis
499 3251 609 3319 impune
622 3247 795 3319 delinquendi
815 3250 990 3306 exactoribus
1009 3266 1077 3321 prm·
1127 3252 1263 3323 qitasianis
1277 3252 1439 3317 intravimus,
1454 3263 1483 3307 ut
1494 3255 1604 3337 populus
1618 3255 1664 3310 ilie
1678 3256 1791 3327 antiquis
1810 3254 1931 3309 delam

301 3334 347 3375 ere
361 3320 551 3375 occasionem:
566 3333 627 3388 quae
650 3333 695 3374 res
717 3319 835 3374 ausimum
857 3320 977 3391 preelecti
995 3324 1077 3377 vebe·
1127 3319 1240 3377 tionibus
1258 3332 1376 3378 assuetus
1395 3321 1550 3379 beatissimis
1569 3325 1733 3396 regnantium
1756 3326 1932 3395 temporibus,

281 3399 387 3445 menter
397 3389 481 3444 movit
491 3390 526 3444 ad
538 3389 609 3445 banc
618 3388 753 3444 licentiam
764 3390 858 3460 procul
868 3391 1075 3449 arnandaudam.
1127 3392 1241 3462 explosis
1263 3393 1458 3448 necessitatibus
1479 3397 1638 3466 perfruatur.
1660 3393 1694 3449 lit
1706 3411 1739 3450 ex
1758 3411 1790 3450 ea
1817 3397 1932 3452 ratione

282 3458 395 3530 Scriptis
413 3460 503 3529 itaque
522 3459 618 3514 litteris
638 3458 745 3524 judices
760 3460 960 3531 provinciarum
985 3460 1076 3518 admo·
1127 3475 1208 3583 puam
1219 3460 1338 3528 adducit,
1350 3463 1453 3588 lipJuido
1463 3475 1570 3521 mussat
1579 3482 1659 3535 quam
1670 3475 1780 3536 paterna
1789 3465 1931 3521 charitate

281 3538 338 3596 net,
351 3538 381 3583 ut
393 3530 421 3584 in
431 3530 482 3584 bac
496 3538 573 3602 parte
585 3538 679 3585 contra
690 3540 833 3599 peccantes
846 3531 966 3587 severius
979 3541 1076 3600 agant;
1137 3545 1199 3587 ame
1209 3531 1358 3598 conlectos,
1399 3533 1549 3590 rbisrerum
1560 3536 1676 3591 dominae
1686 3536 1788 3591 incolas
1803 3536 1928 3593 tonaret.

279 3598 411 3669 jubetque
425 3608 455 3655 ut
468 3614 609 3724 possessor
622 3599 689 3654 nibil
703 3599 784 3665 aliud,
802 3599 853 3655 nisi
873 3601 945 3671 quod
968 3602 1078 3671 publice
1127 3599 1172 3656 ms
1185 3601 1257 3657 euim
1272 3600 1398 3674 (ibidem)
1411 3621 1418 3657 ε
1433 3603 1531 3661 Procul
1546 3607 1580 3660 sit
1591 3614 1619 3661 ut
1632 3607 1719 3677 aliquo
1731 3607 1802 3661 illias
1812 3606 1932 3661 ciuium

281 3669 397 3725 debetur
406 3685 471 3725 esso
483 3678 536 3725 vat.
548 3669 611 3725 Suis
621 3668 823 3738 diligentissime
833 3669 983 3741 prescribit
991 3672 1077 3728 vecti·
1126 3672 1265 3737 esuriente,
1287 3674 1436 3728 satiemur:
1454 3676 1570 3741 iliorum,
1584 3677 1653 3748 quod
1675 3674 1753 3737 absit,
1777 3676 1931 3747 indigeatis

282 3740 352 3808 galia
373 3754 488 3809 qumque
506 3740 623 3809 persolvi
645 3739 832 3810 temporibus:
848 3754 883 3795 ne
907 3740 1076 3797 fraudulenta
1128 3750 1219 3797 nostra
1230 3744 1339 3812 parsurm
1352 3753 1400 3798 cst.
1413 3742 1482 3811 Quid
1492 3745 1591 3816 plural
1604 3747 1682 3811 Leti,
1692 3746 1790 3816 inquit,
1804 3762 1864 3800 esse
1875 3764 1930 3801 ears

281 3810 426 3879 versalique
437 3810 641 3880 exspectatione
654 3809 760 3879 pondus
774 3810 961 3866 abominabilis
979 3811 1077 3866 nundi·
1126 3828 1272 3881 possumus,
1288 3814 1341 3868 nisi
1352 3822 1377 3868 et
1397 3815 1457 3871 illos
1478 3816 1620 3888 gaudentes
1639 3817 1809 3872 camuranitcr
1828 3818 1931 3872 audis·

283 3879 400 3935 trationis
413 3881 598 3949 imponeretur
611 3879 697 3948 magis
710 3894 791 3950 quam
815 3879 969 3948 hujusmodi
992 3896 1076 3937 onera
1127 3898 1193 3937 mus.
1206 3882 1272 3950 Quis
1287 3899 1405 3955 unquam
1425 3885 1533 3941 illorum
1556 3889 1654 3957 quibus
1672 3902 1721 3943 sua
1734 3900 1799 3955 erga
1813 3901 1929 3956 rempu-

282 3949 497 4004 sublevarentur.
512 3948 586 4003 Absit
601 3966 617 4002 a
630 3951 725 4004 nostris
744 3950 899 4019 temporibus
918 3950 1077 4007 detestabilis
1127 3951 1225 4007 blicam
1240 3953 1358 4009 charitas
1369 3952 1456 4011 Patris
1469 3956 1561 4026 populi
1574 3957 1798 4026 gloriosissimum
1821 3971 1929 4013 nomen

275 4028 308 4083 ,et
327 4019 450 4090 sugenda
463 4020 584 4073 uerutis
600 4018 674 4074 Sicut
696 4020 798 4089 fiscalia
816 4036 896 4075 anera
910 4020 983 4075 nulla
1001 4038 1076 4077 occa·
1127 4022 1295 4092 comparavit
1310 4023 1474 4081 incredibilis
1486 4028 1586 4083 amoris
1606 4044 1701 4085 sersus
1714 4028 1804 4081 verbis
1822 4027 1924 4083 arden

281 4089 354 4144 sione
375 4089 489 4143 uoluntas
509 4088 662 4160 aqqranari,
686 4091 723 4142 ita
743 4091 888 4145 constitutis
910 4093 1075 4161 temporibus,
1128 4092 1241 4147 tioribus
1260 4094 1422 4163 explicavitl
1442 4097 1532 4167 Atque
1552 4107 1582 4154 ut
1605 4099 1728 4153 maxime
1743 4097 1843 4152 civium
1865 4113 1928 4153 cur-

282 4159 428 4231 prafinitus
451 4159 580 4213 illationes
616 4159 772 4229 recipimus,
793 4159 849 4215 lico
877 4161 985 4224 ‘nante
1006 4178 1078 4217 corn·
1128 4161 1201 4216 rriurn
1249 4164 1328 4219 estati
1343 4168 1767 4234 provotisoccumerettantam
1791 4166 1923 4225 trsrmerui

282 4224 531 4309 plcrilbib.xr,ep3
547 4175 682 4298 ilfmpia
697 4229 755 4285 baec
775 4229 851 4284 lucra
876 4231 1076 4288 uculentissima
1127 4231 1220 4287 vimiu
1260 4232 1335 4290 rbem
1351 4237 1602 4294 transvcbicuravit
1621 4239 1748 4308 providus
1767 4237 1923 4311 prefectum,

281 4300 386 4353 ratione
399 4302 543 4367 proscribit
557 4296 697 4367 (lbidcntlz
714 4299 754 4353 lle
766 4302 886 4371 equitate
901 4303 1076 4374 potiusquam
1126 4311 1157 4372 ut
1178 4301 1243 4357 lelix
1267 4318 1358 4360 rerum
1385 4321 1419 4362 co
1438 4306 1463 4361 ia
1485 4309 1644 4364 miserorum
1667 4308 1766 4363 ditaret
1790 4307 1924 4376 inopiam.

280 4369 313 4424 de
322 4372 463 4439 rapacitate
475 4369 618 4439 proficitur.
629 4366 698 4435 Quid
709 4372 778 4424 enim
789 4376 816 4441 (o
825 4386 936 4426 aureum
947 4371 1046 4427 dictum
1054 4373 1075 4444 l)
1126 4371 1210 4442 sitque
1222 4373 1291 4439 ideo,
1303 4385 1334 4430 ut
1347 4322 1456 4432 translit
1469 4376 1612 4435 Ambrosio
1626 4378 1765 4448 illidens),
1791 4386 1868 4431 mma
1885 4379 1928 4433 si-

280 4440 379 4511 acquiri
391 4448 505 4507 putatur,
518 4437 561 4493 ubi
579 4438 646 4493 dana
660 4441 818 4495 conscicntia
836 4441 1031 4510 perditurirlut
1047 4444 1075 4498 in
1127 4444 1237 4497 cantate
1255 4446 1405 4515 incorrupta
1423 4450 1521 4517 species
1539 4451 1661 4521 [rumenti
1683 4456 1864 4529 conmeantum,
1897 4455 1927 4502 st

279 4525 330 4576 qrra
340 4518 413 4578 perte
423 4510 503 4578 parsit
515 4510 592 4564 bonta
605 4510 739 4580 proficere,
755 4512 778 4564 si
792 4512 967 4565 innocentiam
980 4511 1075 4580 proba·
1127 4514 1203 4583 panis
1222 4512 1283 4569 inde
1298 4526 1384 4571 coctus
1409 4534 1462 4572 non
1482 4519 1594 4584 lrorrori,
1619 4520 1665 4573 sed
1687 4519 1788 4572 deliciis
1802 4518 1926 4572 sieeassr

280 4588 320 4632 tua
336 4581 413 4650 [uerit
427 4582 561 4634 amisisse?
576 4578 666 4635 Nolite
688 4582 746 4635 sine
765 4583 873 4651 premio
888 4581 1000 4646 credere,
1017 4599 1075 4655 quoe
1089 4570 1114 4631 D
1126 4598 1182 4638 csse
1208 4586 1366 4656 manontes.
1391 4585 1424 4641 bt
1439 4589 1503 4658 quia
1526 4604 1542 4644 a
1560 4588 1690 4644 militibus
1711 4588 1926 4656 rectoribusque

279 4648 395 4702 ridentur
416 4649 556 4704 adbonam
570 4651 755 4705 conscientiam
776 4653 914 4721 pertinere.
935 4652 1024 4720 Atque
1044 4663 1073 4709 ut
1126 4653 1301 4710 emolumenti
1324 4655 1424 4728 aliquid
1446 4660 1513 4715 citra
1533 4662 1710 4730 prestitutum
1741 4658 1862 4727 pretium
1888 4674 1925 4715 ex

279 4722 384 4772 animos
397 4717 481 4773 addat
490 4719 625 4788 judicibus
637 4735 706 4789 quos
731 4729 785 4775 tam
799 4721 897 4777 acriter
909 4731 1001 4777 monet
1013 4737 1074 4779 esse
1127 4732 1266 4793 asportato
1279 4725 1413 4783 irumeuto
1435 4725 1618 4786 fraudulenter
1631 4729 1732 4801 percipi
1753 4742 1845 4797 posse,
1862 4728 1924 4798 ple·

279 4790 348 4844 recti
363 4789 563 4858 observatores,
586 4801 818 4845 remuneratorem
841 4789 990 4847 benelcuru
1014 4792 1073 4850 lare
1126 4790 1345 4864 beniquedanmi
1359 4798 1458 4868 aliquid
1472 4800 1535 4856 inde
1549 4812 1687 4871 passuram
1710 4812 1770 4854 esse
1809 4798 1925 4854 raevide

278 4858 642 4929 sepolliceturilliusqucm
658 4860 684 4914 in
706 4875 818 4915 munere
832 4860 969 4930 implendo
989 4861 1073 4921 luisse
1125 4862 1186 4929 bat,
1202 4867 1330 4935 precepit
1351 4876 1381 4923 ut
1405 4867 1523 4938 praelecti
1541 4872 1615 4927 vices
1631 4885 1727 4941 gerens
1745 4869 1771 4923 iu
1790 4814 1871 4923 {leisc
1896 4868 1924 4925 id

278 4931 384 4985 noverit
395 4929 506 4997 justitiae
520 4931 703 4985 tenaciorem:
720 4930 947 4985 llemnneratorem
960 4932 1000 4986 iili
1016 4951 1073 4990 esse
1125 4933 1190 4988 mali
1204 4950 1255 5005 pro
1264 4951 1313 4991 sua
1326 4939 1488 4994 auctoritate
1500 4955 1580 5009 quam
1589 4938 1792 5009 diligentissime
1803 4953 1925 5008 ptmrer·

279 5001 412 5071 promitto,
423 5016 497 5072 quem
511 5016 540 5054 se
549 5000 637 5073 aliquia
651 5000 784 5056 dorestate
793 5010 917 5061 tractasse
931 5017 1072 5074 cognouere
1126 5012 1206 5059 teret.
1220 5002 1350 5078 Quidquid
1359 5009 1438 5072 eninr,
1450 5009 1681 5083 inqualltideui,
1691 5008 1726 5065 ibi
1737 5009 1806 5064 maie
1821 5025 1924 5078 prcu-

279 5067 414 5141 (lbidenl
1124 5076 1212 5142 nitur,
1227 5077 1255 5130 in
1274 5079 1323 5131 mei
1335 5082 1416 5133 animi
1436 5081 1541 5136 lesione
1554 5091 1700 5152 grassatur.
1715 5080 1853 5147 Additque
1868 5095 1922 5149 pro

314 5139 329 5213 i
347 5137 487 5195 xxxt'ltt.
503 5138 604 5195 Eadem
613 5140 761 5196 sollicitudo
778 5141 927 5198 cassiodori
948 5144 977 5199 iu
996 5142 1072 5201 rebus
1123 5160 1226 5199 sunrrua
1238 5146 1265 5200 in
1277 5148 1406 5217 populum
1425 5148 1576 5206 Romanum
1589 5149 1798 5207 benevolentia:
1815 5147 1851 5202 lrs
1870 5166 1921 5204 sse·

277 5211 356 5265 mam
381 5212 490 5267 minoris
512 5212 644 5266 momenti.
668 5210 726 5282 Age
742 5227 818 5279 vero,
833 5213 970 5268 videamus
990 5229 1071 5285 quam
1123 5213 1162 5269 bis
1185 5215 1289 5287 puritia
1309 5220 1481 5274 caruentuuus
1503 5222 1607 5286 surdi,
1631 5238 1709 5294 quam
1735 5220 1922 5274 Romanorumn

277 5291 368 5334 erecta
381 5296 456 5335 meus
469 5279 609 5336 Senatorio
622 5281 703 5336 luerit
716 5282 749 5337 ad
760 5297 880 5337 amorem
890 5282 1012 5352 justitiae,
1024 5286 1071 5355 qui
1122 5285 1246 5340 utilitates
1269 5288 1401 5357 patiamur
1418 5291 1547 5346 imminui.
1570 5292 1657 5361 Negat
1681 5301 1772 5346 tamen
1785 5305 1816 5345 sc
1831 5290 1922 5347 rebus

278 5364 312 5403 eo
326 5351 467 5419 processit,
481 5359 511 5405 ut
521 5352 657 5421 publicum
672 5351 843 5407 comrrrodum
854 5352 881 5408 in
891 5355 972 5409 rebus
983 5355 1071 5410 miuo-
1124 5353 1304 5410 Romanorum
1319 5356 1381 5414 ideo
1392 5363 1545 5426 consulere.
1560 5371 1590 5417 ut
1601 5361 1738 5432 popularis
1752 5376 1826 5416 aurm
1839 5360 1923 5416 laro-

277 5419 316 5471 ris
334 5420 415 5473 etiarn
438 5422 568 5477 maurenti
595 5429 764 5491 procuraret.
786 5420 956 5494 Quapropter
974 5423 1070 5482 edictis
1122 5440 1180 5479 rem
1197 5432 1304 5497 captet3
1326 5428 1374 5483 sed
1394 5439 1424 5484 ut
1442 5446 1606 5502 propensum
1629 5432 1656 5487 in
1682 5446 1747 5487 suos
1768 5431 1923 5488 voluntatis

277 5488 382 5543 duobus
392 5492 518 5560 praecepit
530 5490 608 5562 (lar.
624 5490 668 5545 lib.
684 5509 719 5555 ιι,
735 5509 775 5561 ep.
791 5493 836 5563 ll)
853 5501 882 5547 ut
895 5508 1008 5549 arvuonre
1018 5496 1071 5549 im·
1121 5494 1333 5617 studiumlpassit
1346 5497 1465 5555 alluciosa
1479 5504 1580 5558 amoris
1592 5501 1923 5571 smuibrauonsdemon-

295 5629 299 5638 ¹
1260 5583 1292 5621 on
1306 5577 1334 5621 ut
1348 5572 1476 5639 saturent,
1491 5572 1572 5627 verba
1593 5574 1677 5643 ipsius
1696 5581 1758 5627 surrt
1772 5570 1920 5641 (ididem),

277 5643 364 5683 riores
375 5646 409 5698 op
430 5631 591 5686 rimereutur
606 5633 715 5689 immani
730 5634 930 5704 redemptorum
945 5635 1066 5689 avaritia.
1119 5636 1286 5706 amasusuque
1324 5638 1468 5708 epularem,
1487 5643 1533 5695 scd
1551 5652 1589 5708 ut,
1610 5645 1719 5712 jurante
1738 5640 1806 5706 dea,
1824 5656 1920 5697 mass

278 5695 364 5751 Priori
383 5714 399 5752 e
420 5701 473 5752 icto
489 5703 610 5778 providit
627 5702 700 5771 justo
714 5713 744 5757 ut
762 5707 849 5772 pretio
865 5719 909 5758 res
932 5707 1068 5759 venunda·
1118 5706 1148 5759 iu
1162 5706 1215 5758 iilis
1227 5654 1369 5776 compleam
1386 5709 1536 5767 dilectionis
1546 5713 1690 5769 arbitrium.

278 5776 386 5831 rentur;
401 5777 430 5820 ct
440 5783 475 5822 ne
487 5785 514 5822 m
529 5770 645 5824 alienum
658 5787 766 5827 sensum
781 5774 862 5828 rerba
876 5773 955 5829 edicti
975 5773 1068 5829 detor·
1157 5773 1191 5828 Et
1205 5789 1234 5830 re
1247 5776 1354 5842 quidem
1368 5777 1426 5847 ipsa
1436 5797 1516 5851 quam
1531 5783 1608 5851 louge
1619 5788 1725 5839 messci
1737 5780 1772 5837 ab
1785 5781 1917 5839 numm

278 5845 438 5914 querentur,
452 5836 522 5893 tollit
533 5852 640 5895 omnem
653 5843 827 5900 dubitationis
841 5843 993 5914 ambagem,
1003 5843 1067 5901 dum
1118 5844 1324 5903 existimationis
1337 5849 1448 5923 ambitu,
1460 5866 1519 5922 qum
1531 5860 1679 5923 sequuntur
1692 5853 1774 5909 rerba
1786 5850 1856 5909 satis
1867 5867 1916 5910 aa·
