4059 6184
211 346 267 404 dit
822 340 857 395 ll.
878 336 1015 395 atiussttt
1034 331 1234 393 cassiooottt
1638 402 1646 431 r
1802 322 1858 381 att

216 472 279 517 sont
294 461 386 533 quide
407 458 568 516 Alexandria
589 464 617 513 et
638 455 757 510 biarcote
779 459 922 518 teneram,
944 449 1010 505 nihil
1025 445 1147 518 Arretii,
1160 461 1211 501 nec
1224 445 1335 500 omnino
1347 443 1477 500 accedere
1490 443 1524 499 ad
1535 442 1676 499 ecclesiam
1692 441 1749 499 liei.
1762 439 1797 497 Et
1808 454 1856 497 vc·

219 553 275 609 tale
288 552 371 609 luisse
385 560 500 621 gestum.
515 548 569 605 Sed
583 546 664 603 etiam
675 541 794 615 episcopi
813 540 922 612 AEgypti
938 537 1009 594 iulio
1062 536 1167 592 trientes
1180 535 1206 590 in
1220 534 1359 591 sardicam
1369 534 1546 590 conciliabula
1557 532 1628 603 apud
1637 540 1798 603 semetipsos
1807 546 1858 603 per

215 642 403 701 consacerdoti
418 648 510 696 nostro
525 639 683 704 scribentes,
699 632 778 690 valde
792 631 933 686 drmaitant
947 630 1009 699 quia
1061 627 1121 683 loca
1135 624 1239 695 singula
1252 623 1397 687 iaciebant,
1412 632 1439 679 et
1453 631 1513 678 acta
1527 623 1648 693 quedam
1663 638 1724 678 cum
1746 623 1856 679 terrori·

216 746 304 802 neque
317 730 435 802 suspicio
454 727 547 784 ioisset
561 724 725 795 hujusmodi.
748 719 866 776 Proinde
886 720 1012 775 dixerunt
1063 720 1113 776 hus
1126 715 1857 786 concinnabant;qnatenusnihilpeoitosadjttdica'um

216 828 389 876 monomenta
404 818 532 875 aduersus
554 830 604 872 eos
630 813 712 870 iuissc
735 813 870 881 coniecta,
885 826 944 881 quac
970 817 1012 862 ta·
1063 809 1225 881 perveniret,
1237 821 1325 877 oeque
1334 815 1456 862 sanctum
1466 820 1606 877 possemus
1615 805 1752 862 celebrare
1766 807 1855 861 conci·

217 898 435 981 men'probatom
448 916 490 965 est
502 922 536 963 ex
551 920 604 962 una
615 912 692 976 parte
705 903 859 959 celebrata:
874 903 901 954 in
915 897 1012 970 quibus
1063 898 1138 954 lium.
1153 896 1217 953 llaec
1227 895 1316 953 omnia
1327 908 1491 964 cognoscere
1504 895 1665 965 potuitousa
1678 894 1858 950 consacerdo-

216 1000 299 1071 qestis
322 999 418 1070 pagani
447 994 671 1053 examinabantur
691 1001 720 1049 ct
748 990 950 1057 catechttmeni3
977 1001 1011 1043 er
1063 988 1135 1044 tibus
1148 987 1247 1044 nostris
1265 986 1384 1043 llacario
1397 985 1541 1041 Palestino
1563 994 1591 1041 et
1614 986 1720 1042 Asterie
1740 985 1856 1049 Arabiae,

216 1091 314 1160 quihus
330 1105 400 1146 onos
413 1088 622 1146 catechumenus
644 1084 797 1155 inquisitus,
826 1082 865 1139 ait
884 1082 956 1137 intus
982 1094 1012 1135 se
1064 1081 1110 1151 qni
1121 1095 1181 1136 enm
1196 1080 1236 1136 eis
1248 1087 1388 1144 venerant,
1401 1085 1428 1133 et
1442 1077 1476 1132 ab
1487 1093 1580 1133 corum
1600 1077 1712 1148 perfidia
1739 1093 1859 1133 recesse-

219 1182 300 1238 luisse
312 1181 421 1251 quando
435 1178 566 1237 Macarius
588 1183 702 1232 venerat
720 1174 753 1231 ad
769 1174 893 1231 eumdem
911 1173 1011 1228 locum.
1063 1175 1134 1223 rant.
1150 1166 1184 1222 lli
1203 1181 1322 1238 namque
1340 1166 1375 1221 ad
1396 1176 1519 1222 sanctum
1539 1166 1682 1222 concilium
1708 1168 1858 1223 venientes.

219 1273 294 1328 Alter
304 1280 394 1328 autem
406 1271 596 1339 intendemus,
619 1266 687 1324 dixit
709 1265 782 1321 illum
805 1263 1013 1321 famosissimum
1064 1258 1218 1313 violentiam
1234 1272 1315 1329 quant
1331 1256 1402 1327 passi
1414 1265 1476 1311 sunt
1487 1265 1673 1323 narraverunt,
1690 1256 1754 1311 nihil
1768 1256 1859 1312 dicen·

217 1361 353 1436 ischyram
368 1368 430 1415 tone
448 1366 604 1428 aegrotasse,
615 1364 644 1412 et
665 1356 693 1411 in
707 1355 775 1410 ceila
787 1353 920 1425 jacuisse;
937 1358 967 1405 ot
980 1364 1014 1405 ex
1066 1354 1108 1402 tes
1127 1345 1197 1417 apol
1218 1360 1266 1400 eos
1288 1345 1331 1413 aqi
1352 1353 1472 1401 rectum:
1488 1346 1598 1416 insuper
1616 1346 1772 1417 adjicientes
1795 1348 1858 1417 quia

219 1443 272 1511 boe
284 1459 413 1523 appareat
424 1449 490 1505 nihil
509 1458 614 1519 gestum
628 1463 663 1503 ex
677 1447 801 1503 omnibus
823 1441 1011 1507 sacramentis,
1065 1436 1128 1491 dum
1142 1444 1232 1492 essent
1249 1442 1330 1490 reeta
1350 1432 1421 1498 iidei,
1439 1435 1565 1506 prohibiti
1590 1434 1703 1491 luissent
1716 1437 1749 1492 ab
1763 1436 1804 1491 eis
1824 1436 1858 1493 ad

219 1542 338 1613 eoquod
357 1548 386 1596 ct
397 1537 582 1596 catechumeni
597 1536 669 1592 intus
692 1534 813 1599 luissent,
841 1541 870 1589 et
893 1531 1015 1602 ischyras
1065 1528 1123 1584 haec
1137 1526 1194 1583 ioca
1208 1527 1311 1587 venire.
1326 1535 1355 1583 et
1373 1535 1485 1598 propter
1502 1528 1746 1584 interminationem
1767 1530 1810 1584 vix
1825 1529 1860 1585 ab

218 1634 280 1709 [att.
295 1629 430 1689 santheod
444 1638 468 1684 et
488 1628 531 1683 ed.
550 1628 596 1696 i'.,
611 1624 733 1698 squiras]
747 1641 801 1682 non
823 1623 950 1689 adesset,
967 1619 1016 1677 scd
1066 1617 1106 1672 eis
1119 1617 1285 1673 intercedere
1296 1616 1348 1689 [ed.
1365 1614 1426 1671 Nic.
1443 1625 1468 1671 et
1482 1614 1576 1681 eret..
1590 1615 1742 1687 discedere]
1757 1616 1860 1688 potuis·

215 1724 320 1793 iaceret
332 1725 459 1790 aegrotos.
485 1717 510 1774 ls
532 1729 648 1786 namque
667 1713 875 1784 malignissimos
892 1710 1015 1782 lsehyras
1066 1714 1135 1762 tent.
1152 1705 1192 1761 0b
1206 1706 1276 1761 hanc
1295 1708 1404 1762 cadsam
1427 1705 1564 1762 Santicum
1586 1706 1735 1773 venientes,
1757 1708 1784 1763 in
1806 1723 1858 1764 noa

220 1813 359 1877 mentitos,
374 1808 490 1881 eoquod
502 1807 664 1863 Athanasius
677 1804 807 1876 quosdam
820 1816 913 1858 sacros
922 1801 1014 1855 inoen·
1031 1791 1147 1874 Bdomo
1161 1794 1250 1850 cuncti
1264 1803 1428 1859 manserunt,
1439 1808 1532 1864 neque
1556 1795 1630 1850 brevi
1645 1804 1768 1867 tempore
1792 1813 1807 1853 a
1828 1814 1859 1853 se

220 1905 304 1961 disset
329 1902 421 1965 libros,
442 1900 488 1956 illo
503 1907 625 1967 tempore
644 1903 789 1966 egrotasse
802 1893 954 1949 declaratos
974 1899 1017 1946 cst
1067 1883 1196 1941 recedere
1209 1886 1351 1957 patientes.
1366 1885 1433 1953 Quia
1444 1901 1508 1943 vero
1522 1901 1572 1943 nos
1584 1895 1674 1944 tacere
1689 1904 1742 1944 non
1756 1888 1858 1957 decuit,

220 1991 330 2064 quando
342 1989 475 2046 llacarios
488 1987 524 2044 ihi
537 1987 596 2042 init.
613 1983 689 2040 Unde
702 1983 783 2038 etiarn
795 1997 828 2037 ex
843 1981 895 2037 hoc
915 1979 1018 2036 caium-
1069 1990 1119 2032 occ
1132 1975 1191 2031 sine
1204 1975 1322 2032 vindicta
1335 1976 1489 2045 relinquere
1502 1976 1660 2045 calumnias,
1674 1979 1795 2044 vincula,
1811 1993 1860 2034 ne-

221 2086 312 2140 niator
329 2082 462 2152 apparuit.
489 2076 610 2146 lienique
631 2090 681 2146 pro
703 2072 855 2144 hujusmodi
877 2069 1018 2129 calumniae
1069 2079 1125 2132 ces,
1140 2065 1261 2130 uolnera,
1280 2066 1501 2122 concinnationes
1522 2066 1648 2122 iaisamm
1674 2069 1857 2140 epistolarum,

222 2173 349 2233 mercede
359 2173 491 2229 dedemnt
503 2170 620 2241 ischyrae
640 2182 738 2224 nomen
753 2166 888 2238 episcopi,
903 2164 949 2236 qni
969 2176 1017 2217 oe·
1068 2157 1192 2224 verbera,
1213 2157 1349 2213 nuditates
1372 2158 1514 2227 virginvm,
1536 2159 1639 2226 exsilia,
1664 2162 1860 2217 destructiones

219 2282 275 2336 que
290 2265 432 2337 presbyter
445 2259 694 2330 [aemiuliquandffi
713 2259 770 2314 Duo
784 2272 899 2327 namque
912 2256 1021 2327 ppeslqy.
1069 2244 1257 2321 ecclesiarum,
1282 2244 1415 2311 incendia,
1437 2246 1611 2316 migrationes
1630 2249 1808 2305 dmiiidl'iblls
1822 2252 1860 2305 di·

222 2354 272 2409 teri
291 2353 338 2423 qni
352 2366 416 2408 cunt
430 2349 538 2406 ttdetto
551 2348 695 2418 aliquando
714 2346 862 2417 degebant,
877 2354 904 2401 et
923 2353 1020 2416 postea
1071 2334 1197 2391 vitatibus
1210 2334 1245 2389 td
1256 2334 1372 2404 militm
1385 2333 1527 2403 Ecclesia&
1540 2345 1567 2392 ⁰²
1580 2353 1634 2408 litte
1647 2340 1770 2396 omnibus
1780 2343 1859 2414 252

223 2458 238 2495 a
261 2442 342 2498 beato
365 2437 518 2495 Alexandro
541 2436 669 2508 episcopo
691 2436 810 2493 ciuitatis
833 2435 1020 2491 Alexandrinas
1070 2426 1198 2482 adversos
1211 2434 1311 2482 rectam
1335 2424 1412 2481 ddcm
1430 2443 1500 2483 nonc
1516 2427 1643 2484 Arianam
1658 2431 1793 2485 vesaniam
1813 2447 1861 2503 per

220 2530 341 2600 suseepti
367 2536 430 2584 eunt
454 2535 483 2583 et
499 2542 560 2582 cum
582 2527 731 2582 Athanasio
753 2526 902 2592 constituet,
930 2526 1020 2582 carati
1070 2529 1118 2571 eos
1135 2514 1280 2571 crudeliter
1303 2516 1493 2584 insurgentem.
1518 2515 1665 2588 Propterea
1686 2521 1860 2577 charissimos

221 2626 286 2675 sont
298 2630 434 2688 aartqoam
447 2616 522 2671 illum
536 2615 722 2687 presbyterum
744 2614 825 2673 luisse
838 2617 955 2683 lleletii,
970 2632 1020 2673 nc-
1070 2604 1179 2674 quidem
1192 2604 1289 2663 iratres
1302 2615 1409 2662 nostros
1423 2616 1451 2662 et
1464 2607 1664 2665 comministros
1684 2609 1859 2665 Athanasium

222 2722 276 2777 qus
300 2705 425 2762 hahuisse
450 2703 586 2760 usmetum
612 2708 638 2759 in
664 2704 783 2761 ltsrsme
809 2705 951 2761 eeclesiam
975 2706 1020 2762 ret
1070 2698 1255 2755 Alexandrinae
1269 2700 1385 2755 civitatis
1397 2701 1563 2772 episcopum,
1586 2711 1614 2758 et
1632 2700 1786 2760 llarccliom
1806 2704 1859 2759 hrt-

220 2795 391 2861 ·rnlnistrutn;
412 2795 498 2864 etqui
523 2794 631 2865 penitus
650 2808 737 2864 neque
759 2796 897 2867 presbyter
921 2796 1020 2862 luerat,
1070 2804 1140 2861 cyrae
1159 2789 1279 2857 Galatia,
1304 2799 1332 2846 ct
1354 2791 1494 2863 hseiepam
1518 2791 1597 2861 Gazae
1618 2796 1861 2852 comministrantes

220 2901 296 2944 ocae
313 2897 376 2941 eum
389 2885 463 2941 vehat
475 2884 630 2955 episcopum
653 2885 847 2955 produxerunt,
867 2894 897 2941 ut
920 2901 954 2943 ρο
968 2902 1020 2942 no.
1070 2879 1188 2949 Christo,
1201 2881 1326 2938 innoxios
1338 2889 1366 2937 et
1378 2897 1460 2952 puros
1470 2898 1530 2940 esse
1543 2885 1710 2942 decrevimus
1723 2906 1730 2941 ε
1741 2888 1860 2943 scriben-

223 2974 337 3033 mineio
357 2974 414 3031 suia
423 2973 564 3030 calumniis
579 2981 682 3031 terrere
694 2975 850 3032 viderentur
869 2977 1018 3035 auditores.
1070 2980 1111 3026 tes
1123 2972 1156 3028 ad
1175 2973 1383 3044 ttttittscuittsquc
1396 2975 1562 3045 parochiam,
1576 2985 1606 3032 ot
1626 2978 1791 3047 singularum
1810 2977 1860 3036 Ec·

225 3066 315 3124 berte
327 3073 390 3121 sont
403 3064 474 3120 eoim
485 3072 514 3119 et
528 3063 624 3120 litterae
637 3066 839 3122 consacerdotis
853 3069 936 3124 nostri
951 3067 1021 3125 llar-
1070 3063 1210 3119 etesiarum
1220 3065 1312 3137 populi
1322 3074 1517 3136 cognoscentes
1526 3068 1566 3121 sui
1576 3069 1695 3139 episcopi
1706 3069 1858 3140 puritatem,

224 3157 296 3223 celii,
317 3164 346 3211 et
369 3155 476 3210 inventa
498 3163 540 3210 est
559 3153 666 3212 Eusebii
690 3157 870 3228 similiumque
889 3161 1018 3228 nequitia.
1032 3149 1056 3212 C
1071 3167 1131 3209 ento
1144 3169 1173 3210 se
1186 3154 1340 3226 episcopum
1355 3165 1382 3211 et
1394 3156 1495 3212 hahere
1510 3165 1537 3212 et
1549 3172 1659 3228 sperare
1676 3172 1859 3229 cognoscuntq

220 3248 293 3325 llam
306 3261 350 3316 ea,
363 3259 433 3315 quac,
448 3246 532 3302 veluti
543 3248 739 3318 querimoniam
752 3248 862 3318 iaciens,
878 3250 1020 3308 llarcetius
1071 3259 1118 3300 eos
1128 3254 1218 3300 autem
1231 3246 1277 3314 qui
1292 3246 1318 3300 in
1329 3262 1422 3302 eorum
1436 3246 1569 3303 Ecclesias
1581 3248 1704 3317 lnporum
1727 3252 1810 3304 instar
1819 3250 1861 3305 in·

224 3339 302 3407 datr,
316 3338 374 3394 haec
395 3346 522 3408 tanquam
545 3338 601 3410 ipse
623 3340 796 3399 condensam
815 3354 1018 3401 accusaverunt,
1069 3332 1153 3402 gressi
1163 3344 1234 3399 suttt,
1246 3334 1271 3389 id
1283 3344 1333 3403 cst,
1346 3335 1504 3407 Gregorium
1517 3339 1542 3392 io
1554 3338 1722 3404 Alexandria,
1735 3340 1860 3396 Basiliam

226 3427 438 3498 lioecerqoscnt
451 3427 530 3493 lecta,
544 3428 694 3500 etreliqua,
710 3438 738 3487 et
752 3433 936 3502 precedente,
949 3437 1020 3506 part.
1070 3423 1227 3495 indncyra,
1243 3425 1415 3492 Quintianum
1430 3425 1518 3494 Gaaac,
1539 3442 1589 3484 nee
1611 3430 1751 3500 episcopos
1775 3434 1861 3486 rtotui-

226 3529 269 3576 ter
280 3519 455 3590 castiorem
470 3527 598 3592 rectaque
612 3521 690 3591 huius
704 3524 753 3579 vivi
768 3523 835 3581 tides
848 3527 956 3583 inventa
967 3537 1018 3584 est.
1070 3514 1183 3582 uatrdos,
1199 3530 1249 3572 occ
1262 3515 1437 3583 Christianos,
1450 3532 1500 3574 nec
1510 3519 1657 3588 quamlibet
1679 3520 1786 3590 penitus
1799 3536 1860 3577 cunt

226 3608 284 3665 lion
298 3609 370 3665 enim
383 3624 399 3663 a
412 3619 506 3665 saneta
520 3609 614 3677 liaria,
627 3611 697 3667 sicut
714 3614 758 3669 isti
772 3614 923 3685 detrahant,
946 3618 1020 3673 dedit
1069 3603 1109 3659 05⁵
1122 3603 1273 3661 iubendam
1282 3620 1341 3661 0⁵³0
1352 3607 1576 3674 ⁰⁰fflm¹¹¹¹¹⁰de¹¹b
1589 3623 1639 3664 ¹¹00
1651 3623 1743 3664 0⁰r⁰m
1758 3610 1862 3664 diderit

226 3700 284 3757 Deo
299 3700 387 3757 Verbo
401 3701 570 3772 principium,
592 3717 679 3772 neque
701 3704 779 3759 tinem
794 3706 894 3762 hanefe
905 3708 1020 3763 ,mpure
1069 3693 1216 3760 habendas,
1229 3710 1280 3751 nec
1294 3695 1463 3752 scribendum
1476 3697 1525 3753 cis.
1541 3697 1712 3753 Theodorum
1727 3714 1790 3754 uero
1804 3697 1862 3754 lle·

226 3789 456 3860 elusimperium
470 3789 519 3845 scd
533 3791 977 3867 reguumejusctsioeprincipio,
992 3807 1021 3853 et
1070 3786 1168 3842 raciee
1192 3786 1316 3858 Europae,
1341 3795 1370 3842 et
1392 3786 1543 3844 Narcissum
1571 3788 1727 3844 herodiadis
1749 3787 1859 3856 CilIciac,

226 3878 285 3935 siae
298 3878 414 3935 termino
427 3892 487 3934 esse
501 3880 670 3950 conscripsit.
686 3882 814 3954 hsclepas
834 3892 924 3942 summ
945 3903 1021 3944 001„-
1070 3874 1196 3931 Acacium
1207 3875 1336 3932 Caesarem
1351 3874 1509 3945 Palestinae,
1536 3889 1564 3934 et
1583 3877 1747 3950 Stephanum
1771 3880 1861 3934 dntio·

227 3967 350 4023 minister
363 3966 460 4023 obtulit
474 3967 638 4024 monimenta
660 3969 810 4027 Antiochiae
834 3974 955 4031 coniecta
969 3979 1020 4034 suh
1069 3965 1147 4031 ellim,
1160 3963 1299 4022 ursacium
1309 3966 1429 4036 Siiidflssf
1443 3966 1543 4039 Uim,
1556 3968 1695 4026 Valentem
1718 3987 1751 4025 et
1771 3970 1860 4026 Missis

226 4064 414 4111 accusatorum
427 4056 578 4125 prasentia,
594 4065 623 4111 ct
635 4055 806 4116 cesariensis
817 4059 933 4128 desciit,
949 4073 1019 4121 0201
1071 4055 1225 4120 Patrrtonia,
1237 4055 1445 4127 llenophantom
1456 4056 1563 4127 Ephesi,
1577 4068 1605 4114 ct
1625 4057 1768 4129 Georgium
1791 4058 1861 4114 Lao-
1941 4090 1950 4101 ·

228 4147 363 4209 sententia
381 4145 557 4216 judicantium
578 4146 767 4218 episcoporum
792 4166 822 4207 se
841 4156 959 4210 ostendit
977 4157 1020 4211 jn.
1070 4146 1161 4212 dicere,
1173 4147 1236 4203 licet
1245 4155 1395 4205 metuentes
1404 4148 1438 4204 ab
1447 4146 1557 4204 Oriente
1566 4164 1619 4204 non
1630 4151 1760 4217 venerint,
1772 4159 1862 4206 tamen

226 4238 348 4295 noxiam.
364 4237 447 4294 Recte
459 4237 626 4307 siquidemo
639 4240 791 4297 charissimi
801 4242 905 4311 iratres,
915 4248 1021 4303 evomat
1070 4239 1188 4310 eoquod
1202 4253 1218 4293 a
1232 4238 1317 4294 beata
1334 4240 1470 4295 memoriae
1483 4239 1634 4296 Alexandro
1648 4241 1764 4297 civitatis
1778 4241 1862 4296 hict-

227 4330 390 4399 lreqocater,
409 4325 519 4383 obedire
542 4328 698 4395 acuerunt,
722 4340 795 4388 recte
815 4347 925 4405 quoque
946 4336 1022 4405 iuge·
1071 4331 1191 4387 andrina
1213 4331 1342 4402 pontittce
1359 4332 1412 4387 sint
1425 4332 1555 4401 damnati,
1578 4342 1605 4388 ct
1627 4348 1661 4389 co
1677 4335 1749 4402 qood
1771 4349 1863 4390 secum

228 4428 300 4475 runt
315 4418 486 4477 Conscientia
505 4431 622 4487 uanaque
635 4435 683 4475 sua
706 4424 854 4491 perterriti,
874 4440 923 4495 per
946 4426 1021 4495 togas
1071 4425 1185 4483 Arianos
1199 4426 1323 4492 habeant,
1340 4435 1369 4482 et
1383 4434 1491 4498 propter
1504 4425 1616 4481 crimina
1630 4425 1669 4480 cis
1684 4426 1767 4493 illata,
1782 4439 1865 4494 gene-

227 4522 291 4563 sttas
300 4507 449 4562 calumnias
462 4507 741 4582 rudimentumque
753 4523 900 4582 presentes
912 4531 1022 4573 accusa·
1037 4507 1060 4567 D
1073 4517 1122 4571 raii
1135 4531 1183 4572 eos
1196 4514 1306 4572 decreto
1320 4526 1441 4572 sanctum
1453 4516 1594 4572 concilium
1608 4517 1764 4586 episcopatu
1778 4516 1864 4585 depo·

228 4603 301 4650 tores
311 4595 441 4663 supereis
453 4593 586 4662 mactatu,
600 4598 680 4653 etiam
697 4600 888 4669 probaverunt.
911 4603 950 4658 td
964 4604 1022 4660 luce
1072 4605 1139 4672 suit,
1155 4614 1182 4662 et
1199 4606 1367 4662 decrevimus
1390 4622 1445 4661 non
1469 4607 1556 4662 solum
1579 4607 1722 4677 episcopos
1741 4620 1789 4662 cos
1809 4620 1867 4661 non

227 4681 471 4739 ⁸¹¹²⁰¹¹¹0¹i³m0⁰⁸
484 4683 529 4753 dli
550 4683 651 4741 dudum
671 4690 790 4743 musti?
813 4699 924 4761 propiet
948 4692 1023 4747 hri‘d·
1072 4714 1141 4761 csse,
1155 4697 1204 4754 sed
1221 4713 1310 4769 neque
1333 4698 1550 4754 communionem
1565 4713 1625 4752 corn
1649 4696 1772 4753 fidelibus
1800 4712 1869 4768 pro·

227 4789 291 4832 nam
303 4763 426 4829 btercsim
441 4773 557 4841 iderant,
572 4784 600 4832 et
610 4778 723 4848 proiecti
748 4796 801 4837 non
821 4783 908 4838 soluto
930 4799 1022 4840 susce·
1072 4789 1179 4845 mereri.
1194 4786 1248 4844 Eos
1257 4790 1327 4844 cnim
1338 4789 1383 4860 qui
1393 4788 1540 4842 dtvhtmta
1554 4797 1665 4858 paterna
1678 4788 1828 4844 substantia
1837 4795 1869 4844 ct

227 4872 335 4936 munt,
350 4863 491 4920 sedetiam
503 4865 530 4921 in
542 4867 639 4937 majori
651 4869 746 4926 ordine
758 4882 916 4941 posucrttat,
931 4874 1022 4931 diltco·
1071 4880 1219 4943 diuinitate,
1235 4887 1263 4935 et
1277 4880 1396 4935 alienant
1410 4878 1551 4934 Verbutna
1567 4878 1657 4945 Patre,
1675 4880 1754 4935 dividi
1768 4882 1802 4935 ab
1814 4879 1870 4937 Ee-

227 4969 277 5010 ttcs
289 4954 324 5009 ad
338 4954 550 5027 presbyteratum
577 4969 777 5027 promoventes,
793 4966 964 5035 presbyteros
985 4967 1019 5021 ad
1073 4968 1154 5025 etesia
1168 4969 1299 5025 catholica
1325 4968 1460 5032 convenit,
1476 4978 1503 5024 et
1516 4985 1575 5025 esse
1596 4969 1699 5025 alienos
1719 4985 1733 5024 a
1757 4970 1868 5027 nontiue

227 5045 422 5116 episcopatum,
438 5062 493 5103 non
504 5047 542 5102 ob
555 5049 638 5116 aliud,
653 5052 704 5107 nisi
716 5060 747 5107 ut
761 5054 924 5125 impietatem
939 5059 1020 5113 senti-
1072 5057 1234 5115 Christiano.
1249 5060 1310 5114 Sint
1320 5059 1401 5128 igitur
1414 5075 1429 5113 a
1445 5060 1522 5116 nohis
1534 5068 1562 5115 et
1576 5059 1700 5117 omnihus
1710 5061 1865 5124 atrathcma,

228 5151 294 5196 aare
304 5146 333 5197 ct
342 5138 455 5195 dilatare
468 5140 618 5209 potuissent
630 5151 658 5197 et
671 5141 733 5199 ttdet
747 5160 921 5218 corrumpere
934 5150 1020 5220 pieta·
1072 5167 1106 5206 co
1118 5151 1190 5223 qnod
1203 5151 1313 5205 verbum
1328 5150 1449 5205 veritatis
1469 5150 1610 5205 videantur
1624 5165 1684 5206 esse
1709 5152 1865 5221 cauponati.

228 5238 300 5295 tem;
314 5235 377 5285 sunt
390 5236 479 5284 autem
492 5230 588 5286 hotatto
603 5231 751 5304 principes,
767 5234 908 5302 Eusebius,
931 5238 1021 5295 Theo·
1072 5243 1256 5312 apostolicum
1274 5256 1389 5311 namque
1409 5249 1573 5311 pracceptum
1591 5247 1652 5294 est:
1668 5241 1699 5296 Si
1716 5243 1774 5313 qrtir
1793 5241 1867 5295 ochis

226 5317 466 5387 dorusitencteae
488 5321 626 5381 Narcissus
647 5324 805 5383 Neroniadis
828 5328 942 5400 Ciliciae,
957 5332 1019 5386 Stc·
1072 5333 1259 5386 etrnrtnriooerit
1283 5342 1376 5402 preter
1405 5331 1474 5404 quod
1501 5333 1645 5401 recepistis,
1670 5331 1807 5384 anatliema
1829 5331 1868 5385 tit

227 5410 331 5479 phanes
341 5409 501 5477 Antiochia,
521 5412 652 5483 Georgius
667 5414 816 5485 laodiceae,
833 5418 948 5476 Aeacius
960 5421 1019 5475 Cte-
1073 5421 1171 5491 (Geloi.
1188 5438 1207 5485 r,
1220 5421 1261 5492 il).
1278 5421 1324 5477 llis
1338 5436 1402 5491 erqo
1422 5421 1522 5477 nullum
1545 5422 1743 5478 communicare
1760 5422 1866 5478 denun-

225 5512 312 5555 sarem
328 5499 493 5565 Palaestinae,
516 5501 704 5575 ilinophantus
727 5507 870 5584 Ephesius,
896 5508 1020 5565 Ursatius
1071 5515 1150 5579 tiate;
1163 5514 1235 5570 nulla
1250 5515 1321 5570 enim
1334 5515 1479 5570 communio
1493 5514 1544 5568 leci
1558 5513 1593 5568 ed
1605 5513 1722 5569 enodem
1741 5512 1786 5584 (ll
1800 5513 1864 5571 Cor.

226 5586 346 5656 sigiduni
359 5586 412 5662 [eti.
437 5588 528 5657 drot,
546 5591 682 5665 liygdooil
704 5596 805 5668 ilysie,
824 5597 924 5655 Valens
947 5600 1019 5654 llirci
1071 5618 1107 5667 st,
1124 5601 1178 5671 ll).
1195 5601 1353 5673 liospeilite
1367 5603 1461 5673 procui
1475 5601 1509 5656 ab
1524 5602 1649 5659 omnibus
1662 5602 1723 5676 [titt.
1739 5602 1813 5675 Len,
1828 5605 1866 5661 ah

229 5674 382 5731 cannonis.
393 5674 439 5733 isti
458 5694 576 5750 namque
588 5687 781 5743 cottvenicntes
800 5703 861 5744 cum
876 5685 1021 5745 Orientali·
1071 5691 1247 5764 hominihus];
1263 5693 1334 5748 troila
1348 5694 1419 5749 enirn
1434 5691 1572 5748 concordio
1587 5691 1689 5749 Christo
1712 5693 1747 5747 od
1767 5691 1864 5747 Betiti.

228 5769 278 5824 tus
290 5784 345 5823 noo
358 5769 482 5826 sinebant
502 5788 551 5830 eos
572 5790 623 5832 nec
637 5777 663 5833 in
683 5787 807 5835 sanctum
822 5780 964 5837 concilium
979 5782 1022 5837 in·
1072 5779 1184 5837 Servate
1193 5797 1250 5847 vos,
1263 5780 1360 5838 iratres
1369 5779 1529 5851 charissimi,
1541 5788 1571 5836 ut
1584 5794 1672 5852 oeque
1681 5780 1803 5839 scribatis
1813 5781 1865 5849 eis,
