4059 6184
250 171 302 226 bia
846 168 882 221 Μ.
902 166 1040 222 sosatii
1057 166 1257 225 cessionum
1834 174 1881 233 680

249 278 369 335 auantiae
381 293 478 336 causas
491 278 542 335 sibi
562 276 733 348 nequiverint
747 275 877 332 excitare.
896 274 991 333 Omnia
1004 277 1044 334 si·
1056 284 1082 341 Α
1095 280 1201 336 animus
1213 280 1239 335 in
1252 278 1358 346 futuris,
1373 282 1480 352 quando
1491 284 1687 355 preteritorum
1700 296 1882 345 commonetur

248 371 356 443 quidem
372 370 508 440 superarit
521 367 633 424 affectus
644 385 651 420 :
664 376 733 422 tunc
753 367 834 438 coepit
846 367 943 438 petitio
956 367 1043 435 magis
1096 369 1237 440 exemplis.
1253 370 1422 443 Quapropter
1443 373 1489 431 illo
1512 384 1540 431 et
1556 376 1603 432 iiio
1616 376 1713 444 legatis
1734 379 1832 436 restris
1843 394 1884 437 re

248 462 382 529 desinere,
407 459 516 529 quando
539 459 660 531 pulsatus
683 458 790 526 obiecta
814 473 868 512 uon
882 472 977 527 passus
1000 466 1043 513 est
1094 458 1239 524 deuntibus
1264 460 1419 531 plenissime
1445 464 1581 521 reddimus
1606 465 1777 523 salutationis
1805 467 1882 526 allec·

248 552 392 620 abnegare.
409 549 530 622 Recipite
544 550 626 619 igitur
639 564 751 603 munere
766 548 889 604 sensibus
905 558 1041 619 suscepta,
1095 559 1163 620 turn,
1178 560 1303 623 optantes
1317 562 1347 608 ιιι
1368 554 1525 625 sospitatem
1539 566 1658 613 nestram
1682 558 1773 614 divitia
1787 575 1883 617 conce-

248 657 302 698 non
318 640 449 696 manibus.
465 641 580 696 Suanius
599 639 677 695 nobis
696 639 745 693 luit
763 639 947 706 istareddere
960 654 1042 709 quarn
1095 641 1170 708 daut,
1187 641 1265 711 cuius
1287 645 1366 700 nobis
1387 645 1492 702 animos
1512 647 1677 705 validissime
1701 651 1883 720 cognoscimus

247 732 332 787 multo
358 732 471 801 grandia
490 732 652 804 suscepisse.
678 728 773 784 Estote
798 744 869 786 nunc
890 729 924 786 ad
944 730 1042 786 similia
1095 747 1155 790 esse
1168 734 1298 791 sociatos.

247 820 328 885 cauti,
344 820 503 875 adventura
523 819 654 875 solliciti:
676 819 739 889 quia
758 819 906 874 instructus
919 818 1043 876 redditur

798 975 854 1073 '⁹6
879 1011 1052 1093 trouu
1090 1011 1336 1095 sexsus

464 1189 486 1246 1.
501 1205 623 1246 ronuotr
637 1205 815 1246 causaturos.
1088 1192 1145 1257 bat,
1161 1201 1191 1246 ut
1212 1192 1257 1247 ilia
1279 1191 1374 1246 dextra
1398 1205 1458 1262 quim
1474 1190 1634 1258 sanguinem
1648 1189 1757 1260 copiose
1780 1189 1885 1248 suderat

279 1283 433 1340 Priscorum
449 1283 551 1353 judicio
565 1283 653 1352 qualis
666 1283 702 1337 sit
720 1283 887 1349 consulatus,
898 1285 961 1341 hinc
980 1300 1040 1340 om·
1090 1282 1226 1346 hostiurn,
1243 1282 1303 1337 vitm
1324 1283 1453 1337 auxilium
1474 1280 1578 1337 civibus
1600 1289 1723 1336 urtanaret
1745 1281 1883 1350 irriguum.

244 1377 309 1431 trino
321 1375 401 1430 datur
425 1373 547 1442 intelligi,
571 1372 678 1443 quando
698 1372 769 1428 iuter
790 1373 883 1429 ruundi
895 1373 1039 1444 dignitates
1088 1373 1134 1429 Sic
1148 1389 1217 1445 quos
1231 1373 1323 1429 ielices
1336 1387 1386 1442 per
1403 1371 1473 1427 belia
1500 1370 1618 1437 iecerat,
1640 1370 1729 1427 studio
1753 1371 1886 1441 largitatis

244 1467 357 1522 erintias
370 1464 445 1521 solus
459 1464 558 1520 meruit
571 1464 671 1519 babere
684 1464 816 1534 palmatas
825 1474 915 1521 restes
929 1476 952 1531 ⁸,
968 1480 1037 1536 quas
1088 1464 1223 1536 explebat.
1249 1463 1465 1534 inaugmentum
1484 1463 1552 1537 iulii,
1579 1471 1765 1532 argumentum
1767 1462 1778 1535 Ι
1801 1465 1885 1519 etiarn

244 1560 356 1616 felicitas
367 1556 580 1628 dabat3praemia
591 1555 874 1624 vincentium,uumen
887 1571 1034 1623 annorum;
1087 1557 1202 1629 publice
1225 1556 1317 1627 glorie
1341 1555 1464 1611 solvebat
1486 1551 1601 1609 saturnios
1617 1545 1683 1623 jugo
1697 1554 1788 1610 servili
1802 1552 1827 1619 ι,
1841 1555 1885 1624 qui

244 1651 430 1721 oompeusatio
454 1649 513 1704 sola
543 1648 585 1703 cui
609 1648 776 1703 debebantur
805 1649 906 1703 oinnia.
932 1631 1038 1703 Statuin
1088 1645 1458 1704 libertatemtantaedederat
1481 1640 1593 1700 civitati.
1608 1642 1662 1699 Sed
1686 1659 1758 1699 nunc
1779 1646 1886 1702 sumitis

243 1742 356 1811 reipubl.
366 1741 494 1809 Romanae
505 1739 556 1794 viri
566 1738 643 1795 fortis
650 1739 761 1796 dextera
769 1741 904 1807 turbatur,
915 1741 1037 1797 fortunas
1087 1741 1138 1797 ista
1153 1738 1265 1805 felicius,
1278 1739 1388 1809 quando
1401 1752 1451 1793 nos
1464 1736 1595 1792 habemus
1608 1737 1716 1792 labores
1729 1738 1884 1803 consulum,

243 1832 373 1892 omnium,
389 1846 421 1885 ac
435 1829 536 1885 liberos
561 1826 641 1898 lrujus
661 1830 773 1885 consilia
792 1831 984 1900 uindicabant3
1008 1839 1038 1889 el
1087 1838 1116 1886 et
1130 1843 1178 1884 uos
1191 1826 1290 1898 gaudia
1304 1825 1475 1895 dignitatum.
1492 1817 1619 1879 Palmam:
1638 1824 1770 1893 siquidem
1783 1835 1886 1882 vestrm

244 1930 284 1977 tot
298 1921 401 1990 magnis
416 1919 515 1974 debitis
536 1919 594 1973 sola
619 1927 677 1974 erat
700 1919 779 1989 liujus
793 1922 934 1976 retributio
949 1920 1038 1992 digui-
1087 1927 1187 1975 nostrae
1211 1918 1361 1988 probantur
1385 1930 1446 1971 esse
1470 1915 1607 1982 uictorim;
1636 1923 1664 1970 et
1694 1915 1885 1986 prosperrimae

243 2013 313 2077 tatis,
330 2018 436 2081 reperta
452 2011 479 2064 in
493 2008 624 2064 libertatis
635 2018 770 2075 ornatum,
786 2010 895 2065 inventa
909 2010 943 2064 ad
954 2025 1037 2081 geue-
1087 2008 1248 2067 conditionis
1259 1999 1357 2063 euentu
1367 2017 1390 2068 ⁰,
1400 2022 1449 2062 uos
1461 2006 1488 2061 in
1500 2021 1568 2077 paee
1582 2006 1773 2083 ingenuitatem
1787 2008 1887 2063 ceditis

241 2103 298 2158 rale
311 2102 447 2172 gaudium.
466 2098 519 2156 Per
539 2101 612 2155 iliam
628 2100 751 2155 nimirum
766 2109 853 2155 status
876 2101 979 2172 imperii
990 2103 1036 2171 ju·
1086 2096 1202 2165 famulis,
1226 2112 1287 2152 cum
1301 2112 1352 2153 nos
1364 2097 1539 2153 securitatem
1563 2097 1658 2152 demus
1675 2112 1723 2168 per
1742 2096 1815 2152 bella
1831 2096 1886 2153 Ro-

242 2197 309 2265 giter
320 2196 416 2262 crevit,
427 2195 499 2248 iiiam
510 2208 617 2264 semper
626 2193 691 2248 ielix
700 2191 785 2248 Roma
795 2194 923 2266 suscepit,
939 2195 1036 2250 merito
1086 2183 1183 2245 mainis.
1207 2191 1295 2258 Atque
1308 2187 1369 2244 ideo
1384 2199 1433 2259 per
1456 2188 1531 2243 illam
1550 2188 1723 2244 indictionem
1751 2190 1888 2246 cousula-

242 2286 344 2356 pridem
361 2285 430 2358 iulii,
445 2281 565 2355 quidem]
580 2297 665 2353 genus
683 2283 833 2340 habebatur
845 2285 960 2359 imperii,
976 2300 1036 2340 me·
1086 2290 1129 2337 tus
1144 2289 1170 2337 te
1183 2280 1343 2342 decoramus
1352 2280 1506 2352 »insignibus
1517 2277 1543 2335 l.
1559 2278 1641 2349 Pinge
1651 2288 1741 2336 uastos
1754 2275 1887 2340 brunerus

241 2378 293 2431 rito
304 2391 385 2447 supra
395 2390 489 2430 ornrres
504 2374 576 2429 cites
591 2382 707 2444 poterat,
721 2375 768 2445 qui
782 2376 816 2430 ab
827 2375 905 2431 hoste
919 2377 1035 2447 patriam
1085 2374 1162 2431 nario
1176 2374 1269 2430 colore
1281 2373 1414 2444 palmatae,
1430 2372 1545 2428 validam
1557 2387 1666 2428 inaurium
1680 2373 1818 2430 victoriali
1832 2375 1888 2430 sci-

241 2467 416 2522 vindicabat:
432 2465 561 2520 utilitates
582 2466 702 2535 publicas
720 2468 770 2522 sub
793 2467 920 2538 aequitate
943 2468 1035 2539 dispo·
1084 2465 1168 2536 piane
1182 2464 1313 2530 nobilita,
1336 2464 1408 2524 iares
1427 2462 1552 2534 proprios
1570 2463 1653 2519 etiam
1668 2465 1766 2520 calceis
1780 2466 1887 2522 auratis

241 2572 317 2618 nens,
331 2555 375 2624 jus
384 2555 492 2611 dicebat
502 2556 584 2611 etiam
594 2556 693 2626 capiti;
708 2558 756 2612 sed
770 2565 827 2612 tuto
839 2558 876 2613 illi
885 2542 1033 2614 ‘somoriam
1085 2553 1226 2624 egredere,
1239 2552 1334 2609 sellam
1349 2552 1471 2609 currulem
1486 2567 1536 2626 pro
1549 2568 1598 2608 sua
1613 2551 1801 2623 magnitudine
1815 2555 1887 2610 mul·

239 2654 281 2699 est
294 2653 415 2715 potestas
429 2646 512 2711 necis,
528 2645 575 2715 qui
586 2643 673 2701 iuerat
685 2656 780 2702 auctor
792 2647 895 2702 salutis.
910 2646 979 2706 ilinc
992 2657 1035 2703 est
1087 2645 1121 2701 tis
1132 2645 1261 2716 gradibus
1271 2646 1362 2702 enisus
1374 2645 1505 2713 asceude;
1520 2654 1550 2701 ut
1564 2647 1591 2701 in
1605 2646 1661 2702 otio
1671 2647 1812 2718 subjectus
1828 2665 1889 2705 me·

239 2737 311 2807 quod
326 2738 407 2792 etiam
420 2736 507 2793 fasces
521 2748 603 2807 atque
616 2753 725 2794 secures
735 2747 815 2794 tantm
828 2740 955 2811 potestati
966 2756 1034 2802 nro·
1084 2737 1184 2807 rearis,
1198 2735 1272 2807 quod
1294 2752 1345 2794 nos
1364 2752 1413 2808 per
1435 2738 1569 2794 maximos
1591 2739 1701 2795 labores
1720 2741 1889 2798 assuminus

238 2836 323 2898 ceptae
336 2835 400 2892 snut
419 2828 526 2898 illigari,
542 2838 572 2883 ut
586 2843 648 2884 cum
659 2829 766 2884 tardius
776 2815 954 2897 solverentur,
971 2847 1032 2886 mo-
1084 2828 1260 2900 imperantes.
1275 2827 1343 2884 Rem
1357 2829 1529 2885 victoriarum
1544 2829 1634 2898 agitis,
1648 2831 1693 2899 qui
1707 2830 1778 2886 bella
1796 2833 1889 2888 nesci·

238 2933 296 2974 ram
309 2918 511 2975 deliberationis
533 2918 702 2989 acciperent,
726 2919 750 2975 si
763 2918 797 2975 de
810 2919 883 2975 caede
896 2929 943 2975 aut
962 2936 1030 2977 nece
1045 2882 1068 2945 C
1082 2920 1117 2976 tis
1132 2938 1140 2976 :
1156 2935 1216 2986 nos,
1228 2919 1340 2991 jurante
1354 2919 1421 2988 Deo,
1441 2923 1569 2991 regimus,
1590 2938 1640 2979 nos
1653 2923 1838 2992 consulimus,
1860 2935 1889 2981 et

237 3009 353 3066 bominis
366 3007 466 3079 aliquid
479 3009 648 3065 censuissent
663 3026 670 3063 :
687 3010 725 3065 ita
739 3019 769 3066 ut
790 3025 852 3066 curu
867 3012 957 3068 onrnla
971 3012 1030 3083 ejus
1081 3018 1201 3068 restrum
1216 3026 1316 3067 nomeu
1326 3026 1427 3067 aunum
1439 3011 1563 3081 designat
1578 3022 1602 3067 ι.
1619 3012 1729 3071 vicistis
1748 3016 1890 3075 felicitate

237 3099 407 3156 traderentur
422 3099 544 3167 arbitrio,
560 3114 594 3156 ne
617 3100 794 3162 insolesceret
816 3102 915 3168 animo,
935 3104 1030 3159 consul
1082 3104 1228 3176 principes,
1243 3105 1289 3177 nui
1299 3113 1327 3160 et
1337 3105 1455 3161 honores
1468 3120 1588 3176 summos
1600 3106 1701 3176 geritis,
1714 3117 1742 3164 et
1755 3109 1890 3166 domina·

237 3190 323 3246 dietus
336 3197 377 3245 est
390 3203 406 3244 a
420 3189 596 3280 consulendo.
611 3189 680 3249 ilinc
693 3199 768 3248 tanta
780 3193 890 3263 largitas
910 3192 1029 3267 prossue·
1083 3197 1165 3254 tionis
1175 3199 1254 3253 radia
1268 3212 1322 3253 non
1337 3187 1451 3254 habetis.
1467 3197 1639 3270 Quapropter
1652 3201 1725 3271 erige
1737 3203 1891 3261 conliden-

272 3344 335 3400 aar
346 3346 387 3404 iris
396 3345 485 3401 verbis
496 3353 609 3417 apparet
620 3345 1030 3422 babuisseconsulespmetertas
1082 3351 1225 3410 corusiliuut
1264 3353 1367 3409 rebere
1386 3353 1748 3412 trrarrumitterenolentibus.
1769 3357 1816 3415 De
1831 3359 1892 3415 cir-

236 3423 263 3470 et
277 3418 409 3486 palmatas
432 3423 532 3482 uestes,
548 3430 608 3485 «puae
625 3414 785 3487 Capitolinae
803 3419 976 3486 dicebantur;
1000 3428 1029 3476 et
1082 3424 1204 3478 censium
1263 3423 1356 3489 itione,
1382 3425 1471 3495 deque
1494 3426 1761 3496 manumissionibus,
1790 3445 1891 3499 quma

235 3501 296 3541 curn
317 3489 493 3556 imperatores
507 3486 623 3555 cuipiam
643 3489 811 3543 consulatum
834 3488 1025 3557 decreverant,
1081 3493 1236 3549 consulibus
1256 3493 1347 3549 statim
1363 3503 1445 3564 atque
1459 3495 1643 3563 magistratum
1658 3495 1777 3553 inierant
1800 3515 1892 3571 expe·

235 3556 268 3609 ad
283 3572 344 3611 eum
359 3557 412 3612 tale
426 3555 527 3627 aliquid
541 3557 612 3612 datis
631 3557 727 3613 litteris
748 3559 940 3615 ascribebant:
960 3578 970 3611 r
988 3559 1028 3616 Te
1080 3562 1233 3628 diebantur,
1262 3565 1419 3619 Ammianus
1445 3565 1568 3635 quaedam
1596 3568 1732 3622 menone
1757 3572 1894 3639 prodidit

235 3636 326 3680 trrauet
339 3627 470 3696 Capitolia
483 3627 616 3695 palmata;
635 3645 645 3678 r
661 3627 733 3697 quod
747 3643 782 3683 ex
795 3627 912 3699 Vopisco
926 3630 1025 3700 probo.
1079 3631 1126 3686 lib.
1143 3648 1207 3688 xxrr.
1223 3631 1325 3688 Eodem
1341 3636 1458 3703 pertinet
1471 3631 1573 3690 Sidonii
1587 3637 1610 3690 Α
1629 3637 1748 3694 cilinaris
1765 3655 1893 3696 mrnien

236 3695 300 3750 Vide
316 3697 435 3760 Larium,
457 3711 516 3764 cap.
532 3693 558 3760 l,
574 3696 620 3751 lib.
635 3712 678 3763 ux,
703 3695 856 3753 Commeat.
881 3699 975 3754 Bnoss.
990 3730 1028 3742 -
1078 3701 1106 3755 in
1119 3702 1283 3774 Panegyrico
1295 3704 1328 3757 ad
1347 3703 1530 3767 Anthemium,
1552 3706 1579 3761 iu
1618 3722 1669 3773 aa,
1684 3716 1713 3763 et
1733 3707 1894 3768 Claudiani

234 3763 303 3820 l'ide
313 3765 419 3820 Festum
434 3776 467 3821 et
476 3765 608 3832 Serrium,
623 3763 699 3821 Grai.
711 3776 739 3822 et
752 3767 812 3836 Cui.
828 3768 895 3826 vide
909 3769 1026 3826 llamer-
1079 3771 1107 3827 in
1121 3773 1138 3825 l
1150 3773 1290 3830 cnrrsulatu
1305 3771 1428 3830 lionorii.
1443 3773 1536 3830 Bnoss.

234 3836 318 3890 tinum
331 3836 408 3890 initio
425 3835 588 3906 l’auegyrici,
603 3848 663 3905 pag.
680 3836 741 3891 tit.
751 3835 848 3892 lunen.
1115 3842 1258 3911 dinsignia
1272 3844 1459 3912 magistratus,
1474 3867 1511 3902 πα
1528 3849 1627 3929 impe,
1641 3848 1729 3917 qualia
1739 3847 1892 3906 Iustinia·

269 3905 282 3943 b
298 3904 329 3959 L.
344 3922 390 3959 uu.
406 3904 445 3957 lte
459 3905 524 3976 opio.
541 3909 652 3972 consol,
666 3906 684 3960 l.
699 3905 724 3971 5,
737 3916 765 3961 ct
778 3907 797 3960 l.
809 3907 852 3970 itt,
867 3909 898 3964 Si
909 3921 1024 3983 rogatur,
1079 3928 1139 3978 nus,
1155 3912 1254 3968 novell.
1267 3912 1311 3977 st,
1325 3915 1359 3969 dc
1373 3912 1493 3971 Praetor-e
1507 3866 1622 3984 ssisidrrc,
1634 3918 1777 3981 describit,
1795 3921 1894 4000 δίφροι

233 3974 265 4027 de
284 3975 434 4052 manumiss.
446 3976 542 4050 vttidie.
558 3975 627 4029 Sunt
640 3985 730 4031 abiem
745 3986 808 4032 ocio
823 3978 867 4033 hie
877 3980 963 4035 obiter
974 3982 1024 4037 ob-
1077 4004 1106 4038 rr
1120 3986 1145 4049 ἐξ
1158 3986 1278 4061 ἀργύρου,
1289 3990 1330 4039 καὶ
1340 3986 1456 4050 astruat,
1469 3992 1512 4040 καὶ
1526 3988 1644 4066 ρἁδαυς,
1657 3999 1710 4042 etc.
1723 3988 1821 4046 Ponit.

232 4043 372 4108 servanda,
401 4059 416 4097 a
440 4043 602 4099 Cassiodoro
624 4047 791 4115 accuratius,
814 4063 895 4118 quam
910 4065 1023 4119 usquam
1115 4052 1455 4111 ‘Notninibnsconsulum
1479 4056 1594 4112 Roman.
1614 4060 1676 4113 anni
1691 4062 1894 4117 numeraban-

232 4128 248 4166 a
266 4127 402 4181 quitqnam
425 4121 518 4168 notata
541 4114 696 4171 consulatus
709 4128 866 4184 argumenta
882 4136 889 4173 :
906 4120 933 4175 l.
947 4122 1024 4194 lastis
1077 4130 1130 4189 tur,
1141 4122 1230 4189 inira,
1257 4123 1304 4179 lib.
1319 4139 1357 4180 tx.
1382 4139 1426 4195 ep.
1451 4124 1495 4181 29.
1511 4124 1672 4198 lastiniam,
1688 4131 1798 4185 novell.
1819 4130 1894 4199 tos,

232 4181 297 4237 dare
308 4197 422 4244 nonteu;
437 4182 465 4235 2.
482 4181 569 4239 iasces
582 4192 610 4262 et
623 4199 731 4242 secures
751 4187 866 4255 babere;
882 4190 908 4243 5.
925 4205 1022 4246 manu·
1076 4190 1155 4264 ὄνομα
1174 4203 1211 4267 τῷ
1225 4196 1312 4269 yps-m
1326 4201 1472 4268 proderem.
1488 4197 1601 4262 Seneca,
1618 4199 1663 4253 lib.
1680 4214 1719 4266 ιιι,
1736 4209 1817 4271 'cap.
1843 4201 1893 4266 at,

232 4253 352 4333 mittere;
368 4252 394 4306 l.
412 4252 495 4334 uestis
514 4254 647 4323 palmata;
662 4255 688 4310 5.
709 4257 857 4313 victorialis
879 4260 978 4330 scipio;
995 4261 1023 4317 6.
1039 4263 1113 4334 Dde
1124 4264 1165 4318 ira
1182 4281 1189 4317 ι
1205 4264 1282 4320 Dedit
1292 4253 1433 4321 duodecim
1445 4267 1540 4330 lasces,
1555 4270 1603 4324 sed
1615 4284 1668 4324 non
1681 4269 1749 4324 iecit
1766 4272 1895 4327 ordina·

232 4331 319 4378 aurati
341 4323 439 4389 calcem
455 4323 481 4377 i.
504 4324 570 4379 sella
584 4326 696 4394 curulis;
718 4325 745 4380 8.
770 4329 885 4398 denique
900 4330 1024 4401 utissiiia,
1076 4333 1147 4388 rium
1166 4334 1306 4389 consulem
1322 4352 1329 4388 :
1345 4351 1360 4389 a
1375 4350 1419 4391 me
1438 4339 1572 4392 numerari
1587 4339 1680 4392 ιοιιιίι
1695 4353 1823 4407 annum,
1841 4343 1897 4399 sed

231 4407 291 4462 qum
314 4393 366 4449 lroc
387 4409 467 4450 uersu
486 4392 672 4463 significantur
686 4415 692 4450 :
708 4399 742 4450 ad
756 4398 804 4453 bas
828 4399 965 4468 largitates
978 4418 1025 4457 ve-
1076 4404 1153 4459 deest
1167 4404 1232 4458 atrilii
1245 4405 1434 4460 sacerdotium.
1451 4405 1566 4462 Pacatus
1580 4410 1774 4534 pauegmristes
1792 4412 1896 4468 Tlaeo-

231 4463 529 4535 natatisqoinosparcs
544 4466 626 4521 tantis
640 4468 765 4538 expensis
777 4484 837 4524 esse
851 4472 1022 4539 cognoscitis.
1076 4472 1154 4530 dosio
1169 4473 1274 4529 Seniori
1291 4492 1297 4526 ε
1314 4475 1414 4531 Consul
1442 4478 1502 4546 quis
1526 4487 1644 4546 creatur,
1686 4480 1828 4538 abiturus
1849 4492 1897 4539 est

231 4531 269 4586 be
293 4534 390 4612 quibus
411 4549 483 4604 sup,
498 4536 545 4590 lib.
570 4552 599 4602 u,
625 4537 704 4606 epist.
719 4537 753 4604 2,
770 4539 882 4610 egimus.
907 4540 1023 4612 insignia
1075 4557 1173 4599 nomen
1189 4559 1285 4599 annus.
1301 4544 1438 4615 Apuleius,
1450 4547 1612 4617 apologias,
1627 4549 1659 4603 ad
1671 4549 1776 4606 Claud.
1797 4552 1897 4608 staria

230 4603 429 4657 consularitatis
453 4619 486 4658 ae
511 4606 654 4675 potestatis
675 4606 801 4663 dicuntur
825 4610 902 4664 initio
923 4609 970 4666 lib.
995 4627 1023 4668 nr
1075 4627 1148 4668 nrum
1161 4616 1349 4684 proconsulem
1363 4634 1370 4669 z
1385 4615 1476 4685 Signa,
1491 4633 1551 4688 quae
1565 4618 1693 4688 impressa
1707 4630 1785 4674 sutri
1803 4639 1894 4677 reco-

229 4671 295 4752 Cod.
309 4669 410 4753 Theoti:
427 4672 510 4729 Foru.
1072 4692 1194 4750 gnoscat,
1208 4684 1332 4750 consules
1345 4684 1426 4757 legat,
1442 4702 1529 4743 anuos
1555 4698 1703 4761 computet.
1728 4688 1767 4747 in
1795 4693 1899 4751 reteri

264 4742 309 4796 Sic
323 4740 457 4798 ammian.
472 4744 607 4823 marcell,
622 4746 669 4804 lib.
684 4738 761 4815 bart,
777 4747 936 4806 llamertino
949 4765 1016 4806 con·
1070 4751 1160 4824 lapide
1175 4771 1182 4809 r

228 4810 286 4866 sule
300 4812 351 4867 cal.
372 4809 505 4869 ianuariis
527 4815 605 4870 iudos
618 4818 726 4886 edeam
741 4819 961 4876 manumittendis
983 4836 1019 4877 ex
1351 4859 1356 4864 ·
1378 4847 1382 4854 ·

228 4895 304 4936 nrore
317 4881 433 4936 inductis
446 4898 495 4954 per
504 4885 696 4944 admissionum
717 4888 879 4958 proximum.
893 4888 1019 4947 Claudia·
1138 4885 1189 4938 Τθι
1200 4890 1255 4939 ιιιθ
1264 4892 1306 4951 ont
1319 4902 1387 4941 wll
1398 4891 1601 4956 discinxitjurgia
1614 4897 1698 4946 {mlu-

228 4967 285 5007 nug.
292 4953 320 5007 itt
333 4950 474 5025 Eutropio,
489 4954 535 5009 pb,
549 4969 559 5010 ι
574 4972 582 5011 2
695 4995 697 5000 ,
1132 4948 1221 5000 Consul
1232 4958 1257 5001 at
1268 4959 1362 5002 aternu
1372 4953 1497 5006 decorauit
1507 4957 1606 5014 nomine
1618 4959 1699 5009 iactos.

412 5070 734 5139 Lpgfl,„„mq„,d„,w„
1107 5049 1265 5109 liinceditm
1278 5052 1397 5110 rationes
1410 5070 1472 5110 cum
1486 5055 1530 5111 die
1543 5064 1572 5112 et
1591 5059 1716 5126 consule,
1734 5060 1758 5115 l.
1775 5078 1801 5131 ι,
1822 5064 1844 5120 l.
1862 5063 1894 5135 6,

290 5132 367 5192 Quam
379 5139 484 5183 noudum
495 5139 595 5199 meruit,
608 5141 701 5189 scandit
712 5139 817 5190 sublime
830 5142 947 5192 tribuual.
1073 5122 1104 5224 335
1116 5124 1171 5192 Μ’*
1185 5138 1240 5204 em,
1257 5121 1271 5196 5
1283 5122 1314 5178 3⁵
1324 5123 1436 5191 ‘nulum’
1448 5124 1480 5179 ὓ·
1492 5124 1531 5180 ⁰³
1540 5128 1651 5209 ‘fienda
1666 5128 1790 5187 '‘5⁰⁸⁰ss
1802 5150 1897 5192 πω·

183 5223 186 5230 “
211 5285 220 5301 ,
262 5234 308 5292 su
329 5238 357 5291 u
377 5237 424 5293 uu.
444 5255 473 5295 u
496 5219 878 5303 terciumdecimum.
898 5247 1015 5321 otton.
1072 5193 1762 5331 {tillidiribi⁰lilll0⁰dlil¹¹llllllsk
1784 5203 1898 5334 isli

227 5306 716 5451 bseqmmgmatnmplrlmmmimomumum
730 5384 845 5442 inierant
869 5389 987 5445 manuml
1071 5333 1191 5414 consule·
1208 5334 1392 5412 'mulsam‘
1417 5333 1453 5390 m
1475 5336 1611 5419 mim-”⁰¹¹
1625 5340 1895 5427 ⁸ifd¹ffbi¹¹⁰lq¹¹i¹¹
1917 5425 1922 5430 ,

226 5445 317 5501 sues
335 5448 568 5518 exsecremus
581 5453 720 5523 innuere
740 5429 899 5525 triante,
914 5408 1016 5531 εοειιῗὲ
1069 5400 1896 5558 ὃῖῗῖᾎ““ἓὲι.ὲ“ἓιι,”ἷιξῶῗ“ῗιῗιι’ἐῗίιῖιῗὲ”ι’ῗιέἒῖῗέέ’ξῗ,ζζ

226 5515 260 5639 alm
282 5517 433 5598 libertatern
456 5520 614 5604 perdmoere.
636 5522 754 5609 ideoque
777 5528 876 5585 iactum
898 5541 1014 5614 ιιιιιοιιι
1068 5558 1126 5597 ram
1146 5554 1316 5611 convertunt,
1334 5555 1363 5602 ιιι
1374 5547 1459 5604 fastos
1472 5543 1579 5617 signent
1590 5551 1704 5608 etannis
1718 5550 1897 5627 imponant

263 5587 1015 5663 prauusltb.udeolltc1097corrsults‚÷demanumrssro·
1068 5628 1177 5670 numen.
1193 5613 1290 5670 Fons..
1314 5645 1319 5654 1

227 5659 307 5715 nilus
327 5660 496 5730 tractaverit,
516 5663 687 5735 ciliciumque
700 5672 818 5729 consulis
832 5687 892 5731 esse
904 5673 1012 5746 dixerit,
