4059 6184
159 386 214 447 Μ

447 501 613 558 cristata
624 502 668 559 ltl.

160 608 280 651 nammis
294 594 367 670 led,
381 593 527 666 universas]
542 612 673 652 criscorrs
699 611 818 654 scatron
833 615 956 653 aaaron·

448 680 498 721 rus
510 682 661 723 rueromo.

160 777 333 838 Commendat
350 778 491 834 reifforam
507 777 640 849 precibus:
664 787 688 831 et
706 779 769 847 petit
782 790 810 832 ιιι
828 781 957 851 jejrmirrm

215 869 245 906 ro
259 853 343 904 salute
352 849 534 918 principamat
546 865 592 917 pra
604 865 667 917 pare
679 847 819 903 obtinenda
829 851 955 905 indicant.

198 869 265 975 dam
290 937 334 975 ror
358 920 477 972 bortatur
497 926 525 972 at
547 918 608 978 uitia
634 929 726 973 coarcta
746 935 762 971 a
783 923 877 991 populo
896 939 958 991 pro·

197 993 241 1045 cut
253 990 405 1044 emundent.

198 1081 385 1152 Corporalium
397 1088 503 1152 patrum
515 1080 644 1135 naturalis
654 1096 712 1137 mos
722 1090 776 1146 est,
792 1083 826 1137 de
843 1082 958 1139 ιιΙῑιιιιιιιι

159 1173 338 1243 provectione
353 1170 480 1239 qarrdere,
498 1170 561 1225 dum
577 1186 670 1226 eorum
686 1172 897 1228 institutionibus
911 1189 959 1244 ap·

161 1263 281 1334 plicatur
303 1260 431 1333 quidquid
454 1260 539 1317 laudis
553 1260 580 1315 in
595 1261 666 1317 clara
693 1262 769 1331 prole
789 1262 956 1320 conceditur.

164 1352 219 1409 Vos
233 1360 321 1408 autem
336 1350 470 1421 spiritales
490 1359 627 1420 parentes,
651 1352 697 1420 qui
713 1359 850 1407 auctorem
865 1368 958 1410 rerunt

161 1442 313 1497 illuminata
323 1448 415 1496 mente
427 1440 592 1510 conspicitis,
607 1455 657 1510 pro
669 1455 712 1494 me
723 1449 822 1497 sanctae
833 1440 958 1510 Trinitati

160 1531 259 1588 sedulo
271 1530 429 1602 supplicate,
449 1538 479 1584 ut
492 1529 634 1600 splendere
649 1529 703 1596 late
723 1529 803 1586 faciat
817 1531 844 1585 in
868 1532 958 1587 media

803 389 982 446 l'dlildlllill
1002 390 1103 448 Lllissll
1117 390 1161 446 Xl.

970 502 1074 576 Med„
1097 504 1249 572 arljurator;
1271 502 1336 570 tic,
1360 500 1534 575 arbitrator];
1555 501 1627 574 quod
1642 502 1805 574 generaliter

1749 391 1802 446 859

1010 597 1106 663 debeo,
1131 597 1270 652 incoactus
1283 596 1404 651 exsolvo.
1428 594 1557 666 llepeudo
1571 595 1652 650 etiam
1667 592 1803 649 sanctitati

1009 699 1106 744 vestre
1120 688 1277 745 honorificae
1291 689 1461 745 salutationis
1483 687 1618 754 alliciunt,
1644 694 1803 754 textamque

1009 780 1131 849 epistolae
1146 780 1294 837 affectuoso
1310 781 1362 836 bne
1385 780 1530 850 concludo,
1553 787 1583 836 nt
1602 781 1630 835 iu
1648 785 1740 835 mette
1753 792 1802 833 re·

1009 879 1064 927 stra
1092 872 1212 928 dulciora
1237 881 1412 941 remaneant,
1436 874 1499 942 quia
1523 874 1592 929 bene
1619 873 1671 928 sibi
1698 873 1802 927 aninam

1009 963 1158 1033 posteriora
1174 964 1355 1020 commendat.

1292 1095 1459 1157 Eutsrota
1473 1096 1519 1152 Ν.

1008 1202 1137 1248 ιιιιιιοειο
1156 1203 1217 1248 rrao
1231 1205 1369 1254 rccusrnr,
1390 1205 1486 1248 norant
1504 1206 1579 1245 vices
1597 1204 1719 1244 scatron
1733 1203 1799 1243 rna·

1267 1275 1368 1313 recres
1387 1275 1535 1328 rneromo.

1008 1345 1135 1401 Admonet
1155 1355 1183 1401 ut
1206 1348 1317 1420 officiant
1339 1348 1389 1403 ribi
1409 1350 1573 1416 contrariarum
1591 1348 1705 1419 fideliter
1728 1364 1801 1402 rrae·

1345 1427 1448 1494 quator.

1044 1529 1147 1586 Secure
1170 1532 1258 1599 robis,
1285 1532 1341 1588 beo
1362 1532 1482 1603 iuvante,
1508 1531 1661 1605 opinionem
1683 1540 1801 1596 nostram

161 1622 282 1694 positum
303 1619 510 1685 candelabrum
535 1629 670 1689 quatenus
691 1635 741 1675 nec
760 1620 825 1675 mibi
846 1622 959 1677 interior
1007 1621 1153 1691 credimus,
1178 1622 1255 1690 cujus
1270 1624 1464 1680 conscientiam
1487 1639 1536 1693 per
1549 1638 1691 1683 causarum
1713 1621 1802 1676 varios

161 1712 328 1777 ascaricus,
350 1719 379 1766 et
396 1710 430 1766 dc
448 1727 491 1766 me
505 1711 564 1766 aliis
580 1710 712 1782 pandatur
733 1721 867 1783 aspectus.
882 1713 957 1769 Nun·
1008 1727 1072 1768 usus
1080 1712 1158 1783 longa
1168 1721 1247 1769 {etate
1258 1715 1439 1784 probavimur.
1453 1714 1518 1768 Nam
1529 1714 1552 1769 si
1561 1715 1586 1768 in
1595 1710 1801 1768 advocationisb

162 1803 230 1877 quid
244 1801 365 1878 proderit
376 1800 492 1869 judicem
514 1802 573 1857 aliis
588 1818 647 1858 esse
661 1805 845 1875 perspicuum,
869 1806 891 1860 si
906 1806 957 1861 sibi
1007 1804 1097 1859 studio
1114 1803 1225 1873 justitiae
1240 1805 1362 1860 claritate
1381 1804 1507 1872 fulsistis;
1535 1807 1613 1876 176
1634 1803 1697 1875 quid
1721 1818 1802 1866 nunc,

162 1894 255 1964 potius
281 1890 409 1956 reddatur
428 1891 576 1948 obscurus?
600 1892 761 1962 Dignitatem
786 1896 958 1953 conscientiae
975 1884 1133 1965 Bprorccri
1147 1894 1180 1949 ad
1194 1895 1306 1950 corrsilia
1322 1903 1426 1961 nostra,
1443 1895 1562 1951 facietis?
1576 1892 1760 1950 Crescitenim
1775 1892 1803 1946 in

161 1983 263 2047 donet,
286 1983 332 2051 qui
348 1982 490 2048 tribunatia
504 1982 629 2040 conterre
647 1983 838 2053 dignatusest.
862 1986 957 2043 Faciat
1010 1986 1056 2042 illo
1071 1987 1213 2054 meritum,
1232 1989 1275 2044 coi
1289 1988 1376 2058 majus
1388 1988 1468 2042 datur
1479 1987 1612 2053 obiciunt,
1628 1984 1736 2056 qnando
1748 1983 1803 2054 jann

163 2072 326 2148 inoffensum
337 2071 469 2148 judicem,
487 2087 521 2128 no
534 2072 645 2128 damnet
663 2081 809 2133 errantem.
825 2074 866 2132 Sit
879 2077 958 2134 nobis
1008 2074 1149 2134 habendos
1164 2085 1206 2131 est
1224 2078 1250 2132 in
1262 2075 1384 2152 judicum
1399 2085 1519 2146 purtem,
1537 2074 1584 2147 qui
1599 2074 1698 2130 meruit
1712 2072 1805 2128 aulicis

164 2165 349 2237 prosperrime
371 2180 506 2235 praesens,
534 2175 564 2220 ut
583 2164 699 2221 infausta
724 2167 788 2223 ritia
811 2168 958 2226 reddantur
1009 2167 1189 2236 potestatibus
1203 2167 1332 2222 assidere.
1347 2164 1484 2228 Ornentur
1497 2179 1561 2235 ergo
1575 2165 1712 2230 subsellia,
1728 2163 1805 2234 cujus

163 2257 298 2314 absentia.
314 2256 442 2318 Amorem
457 2272 534 2313 saum
550 2258 664 2325 tribuat,
681 2266 712 2314 ut
724 2261 856 2331 peccandi
871 2262 958 2318 ambi·

165 2361 223 2424 tom
251 2352 394 2406 miseratus
417 2349 552 2410 excludat.
579 2349 759 2424 Quapropter,
784 2354 880 2410 animae
901 2357 959 2414 reri

164 2450 302 2512 parentes,
313 2439 458 2497 affectuosa
473 2448 502 2496 et
513 2442 644 2511 probabili
659 2443 791 2513 petitione
804 2459 854 2501 ros
863 2445 960 2516 depre-

163 2547 224 2593 cor,
239 2537 268 2585 ιιι
280 2529 380 2586 indicto
388 2530 492 2601 jejunio
507 2530 620 2586 Domino
633 2534 800 2605 supplicetis,
816 2536 959 2604 quiritem

163 2621 316 2692 principum
352 2630 505 2677 nostrorum
543 2621 650 2679 florenti
678 2637 762 2693 regno
798 2627 958 2697 protendat,

162 2715 260 2772 bootes
272 2713 427 2782 reipublicae
446 2714 572 2771 defensor
593 2715 749 2782 imminuat,
772 2716 858 2795 donet
868 2721 959 2788 quieta

164 2815 299 2874 tempora,
320 2804 399 2862 etad
420 2804 576 2861 laudemsui
595 2807 713 2863 nominis
727 2808 852 2879 copiosa,
864 2807 960 2865 faeiat·

162 2909 219 2963 que
229 2909 318 2948 rerum
330 2894 448 2949 omnium
458 2895 688 2967 tranquillitatem,
703 2905 731 2954 et
741 2898 808 2970 [aiii
818 2898 856 2972 ut]
865 2915 908 2956 me
917 2917 960 2956 vo·

163 2985 615 3054 bisrelleredigueturamabilem.
634 2987 686 3043 Sed
695 2988 861 3058 quofacillus
869 3003 960 3046 rcsrra

163 3091 275 3144 quoque
288 3075 449 3130 exaudiatur
462 3077 559 3143 oratio,
575 3086 663 3133 estote
680 3079 752 3136 circa
765 3094 814 3135 eos
827 3095 896 3149 qnos
910 3081 959 3137 de·

161 3166 412 3228 stinanrusattoniti
423 3165 480 3240 [Ac.
490 3209 498 3233 ,
509 3167 627 3240 attentil.
640 3169 717 3237 Quod
728 3172 871 3237 nescimus,
883 3173 961 3230 nobis

1010 2271 1059 2313 ore
1083 2255 1142 2313 fora
1166 2265 1322 2319 tonuerunt,
1347 2258 1451 2320 absens
1476 2256 1583 2322 adlicere
1604 2265 1697 2312 nostro
1717 2252 1805 2316 lateri.

1010 2348 1161 2419 pleniorem
1171 2348 1277 2404 laudem
1290 2349 1351 2404 inde
1360 2362 1526 2422 sanpturus,
1538 2348 1600 2418 quia
1612 2348 1745 2416 integrum
1758 2345 1805 2400 tibl

1010 2439 1181 2509 reputabitur
1189 2439 1261 2511 quod
1272 2440 1342 2497 benc
1353 2439 1521 2504 ordInareris
1530 2440 1613 2502 solus.
1629 2439 1704 2502 Hane
1714 2453 1805 2496 coram

1014 2529 1119 2598 positus
1146 2544 1252 2585 mecum
1277 2545 1370 2587 curam
1394 2530 1598 2601 participaveris
1621 2536 1650 2585 et
1670 2529 1805 2604 gloriam:

1012 2634 1084 2675 nunc
1108 2629 1198 2675 autum
1222 2619 1271 2674 tibi
1292 2628 1396 2676 tautum
1417 2621 1539 2690 cogimur
1560 2618 1659 2675 debere
1678 2617 1807 2689 quidquid

1011 2707 1074 2762 inde
1098 2707 1259 2778 (praestante
1280 2706 1352 2779 beo)
1374 2706 1460 2763 laudis
1481 2708 1649 2778 potuerimus
1673 2706 1806 2775 accipere.

1012 2799 1183 2872 Quapropter
1197 2798 1316 2857 officinm
1337 2801 1386 2857 tibi
1399 2803 1545 2863 obseruare
1568 2817 1711 2874 censemus
1734 2802 1806 2871 quod

1012 2895 1112 2950 nostris
1122 2893 1287 2964 jussionibus
1303 2895 1486 2964 obseeorrdat;
1501 2895 1643 2969 praeceptis
1658 2895 1739 2958 etiam
1754 2895 1807 2950 tuis

1012 3001 1062 3057 pro
1076 2986 1190 3056 publicis
1213 2988 1373 3043 utilitatibus
1386 2987 1534 3057 justissime
1547 2988 1694 3057 designatis
1715 2987 1804 3057 praci-

1011 3078 1100 3149 pimus
1114 3079 1235 3142 obediri,
1251 3088 1383 3150 quatcnus
1398 3087 1426 3136 et
1444 3080 1492 3135 tibi
1515 3080 1551 3134 sit
1565 3095 1614 3149 pro
1629 3078 1736 3149 publica
1753 3078 1801 3132 uti·

1014 3168 1090 3225 litate
1116 3169 1242 3226 ruittendi
1270 3169 1376 3237 fiducia,
1406 3178 1434 3226 et
1458 3169 1547 3226 nullus
1569 3178 1597 3226 te
1619 3167 1808 3224 contemnendi

164 3272 222 3326 non
237 3255 319 3313 debet
332 3257 466 3329 imputari.
490 3260 573 3316 dctus
593 3276 684 3320 eurum
706 3263 858 3319 testimonia
872 3272 961 3321 restra
975 3255 997 3314 C
1013 3268 1102 3315 sumat
1115 3261 1264 3317 audaciam.
1281 3261 1392 3331 Siquos
1415 3261 1496 3316 ctiam
1513 3259 1714 3328 fideiussoribus
1727 3274 1804 3315 com·

163 3358 378 3419 prosequantur;
394 3359 422 3406 ιιι
433 3359 480 3406 aut
491 3352 614 3408 laudatus
623 3354 748 3428 gratiam,
763 3364 810 3410 aut
819 3365 962 3413 accusatus

164 3442 317 3511 apud‘nos
341 3443 463 3502 iuvenire
488 3446 574 3515 possit
601 3445 740 3502 offensam.
770 3448 862 3519 Neque
888 3450 960 3508 enirn

163 3533 244 3587 robis
256 3532 389 3604 imputare
403 3542 539 3604 poterunt,
556 3537 577 3590 si
591 3536 766 3606 delinquunt,
782 3537 890 3608 quanda
904 3556 960 3594 non

161 3623 296 3692 jubentur
310 3625 463 3690 unledane,
480 3634 509 3682 ut
523 3643 663 3698 perperam
679 3638 810 3699 cogantur
823 3632 960 3702 accipere.

164 3713 303 3783 orphanis
314 3715 452 3787 viduisque
465 3725 558 3774 contra
571 3734 657 3775 savos
668 3720 783 3792 impetus
796 3722 851 3777 Deo
863 3723 961 3794 placita

165 3805 237 3873 led,
262 3804 363 3861 debent
376 3807 484 3876 placita,
509 3808 571 3881 ete]
592 3819 718 3881 prostare
732 3813 829 3868 solatia
844 3831 851 3868 ε
867 3814 903 3869 ita
917 3823 961 3870 ta·

164 3908 240 3956 rnen,
257 3909 292 3948 nc
307 3895 390 3963 (quod
406 3896 530 3953 accidit·
546 3915 595 3969 per
609 3901 717 3956 nimiam
732 3903 859 3972 pietatem
874 3904 883 3974 )
898 3904 960 3959 dnm

164 3983 274 4038 nrrscris
292 3983 435 4040 subvenire
447 3987 575 4056 quaeritis,
596 3989 684 4045 locum
699 3991 803 4061 legibus
822 3991 959 4051 auferatis.

165 4075 233 4131 Nam
247 4077 270 4132 sl
285 4076 385 4149 aliquid
410 4077 521 4134 odbnrlit
544 4077 613 4137 forte
633 4081 798 4153 districtum,
821 4085 884 4140 talia
900 4086 962 4142 date

164 4168 272 4223 eunctis
298 4170 410 4236 monita,
437 4177 466 4225 ut
489 4169 550 4240 jura
578 4173 687 4242 possitis
713 4175 827 4231 reddere
855 4174 960 4233 feriata.

163 4349 314 4422 placabiles
336 4352 462 4406 uitiorum
486 4351 603 4419 furores,
627 4354 784 4429 uiolentiam
802 4364 960 4432 temperate,

164 4441 308 4496 avaritiam
324 4441 462 4512 depellite,
477 4441 547 4498 furta
566 4452 713 4509 removete,
730 4444 961 4516 depopulatricem

163 4530 274 4585 bomani
289 4532 396 4600 generis
408 4532 539 4587 luxuriam
555 4549 570 4588 a
585 4542 676 4590 vestro
689 4534 789 4605 populo
807 4543 958 4604 segregate.

162 4623 211 4679 'dle
225 4633 364 4678 auctorem
387 4625 535 4694 iniquitatis
554 4625 701 4682 eflioaciter
718 4627 835 4692 vincitis,
861 4626 882 4682 si
902 4625 1002 4697 ejosI)

162 4716 355 4787 persuasiones
369 4716 402 4770 de
417 4716 540 4772 humanis
554 4717 681 4774 cordibus
696 4716 833 4773 auferatis.
849 4715 961 4787 Episco-

162 4823 217 4877 pus
229 4807 340 4880 doceat,
363 4821 397 4861 ne
408 4805 491 4875 juder
516 4809 603 4886 possit
617 4807 738 4863 invenire
751 4805 833 4878 ¹qnod
856 4807 960 4877 puniat.

161 4895 372 4951 administratio
395 4897 471 4952 robis
494 4898 655 4958 inumerare
678 4897 741 4954 data
765 4906 817 4955 est.
846 4898 912 4954 Nam
937 4900 960 4954 si

162 4986 321 5058 predicatio
334 4993 420 5042 restra
433 5003 485 5041 non
497 4988 613 5062 desinat,
629 5005 740 5044 necesse
752 4997 794 5046 est
804 4998 832 5044 ut
845 4990 961 5060 poenalis

161 5078 237 5144 actio
251 5079 435 5149 conquiescat.
451 5077 484 5131 Et
499 5079 559 5134 ideo
574 5079 730 5152 dignitatem
742 5095 829 5134 nicam
845 5079 957 5135 inomni

163 5168 242 5224 robis
259 5178 335 5239 parte
350 5170 523 5236 commendo,
544 5180 678 5239 quatenus
692 5179 768 5226 actos
783 5171 866 5227 nostri
882 5186 960 5226 saue-

161 5268 255 5314 terunt
270 5260 438 5315 orationibus
451 5260 622 5329 adiuventur,
638 5262 684 5331 qul
699 5262 789 5317 urinas
804 5261 830 5317 in
846 5263 962 5317 bumana

161 5357 301 5421 protestate
316 5351 514 5419 praesumimus.
529 5351 709 5409 Fanriliaritcr
728 5352 809 5406 etiam
825 5353 888 5407 mibi
902 5367 964 5408 sua·

160 5441 227 5497 dcte
241 5439 314 5510 quod
326 5439 428 5510 iustum
453 5450 504 5509 est.
531 5442 589 5498 Non
610 5459 670 5498 snm
693 5443 808 5500 callidus
825 5441 964 5513 abjurator

202 5606 217 5636 ¹¹
233 5597 287 5654 Per
297 5601 406 5655 nimiam
417 5599 548 5670 pietatem.
560 5600 618 5658 lloe
628 5618 708 5658 seusu
722 5610 843 5660 vetustus
854 5610 960 5665 auctor,

159 5667 213 5724 eeil
229 5668 357 5733 incertus,
373 5670 466 5726 bomil.
489 5671 522 5726 td
536 5674 561 5726 in
578 5671 671 5727 blatta.
695 5687 726 5729 ea
749 5713 755 5726 .
780 5692 805 5728 ιι
822 5673 877 5744 (qui
894 5672 962 5725 lalsrr

160 5738 249 5806 volgo
272 5740 398 5795 tribuitur
419 5750 515 5796 sancto
535 5689 745 5870 Cirrysostonmss
755 5763 761 5799 :
779 5741 961 5800 Misericordia

162 5816 231 5886 turre
246 5823 311 5888 yera
335 5818 377 5865 est
401 5811 595 5874 misericordia,
618 5814 641 5867 si
662 5814 703 5870 sic
734 5825 793 5872 aeta
818 5814 907 5877 fuerit,
933 5820 963 5867 ut

159 5885 271 5958 prsrrua
293 5894 343 5950 per
361 5894 421 5939 eam
443 5896 496 5936 non
519 5890 724 5958 cottanorum
745 5887 767 5944 ri
786 5894 876 5943 auteur
896 5897 962 5942 ‹ua-

1012 3351 1120 3407 mittere
1128 3352 1308 3407 uecessarium
1315 3350 1501 3419 restituereris,
1513 3349 1682 3406 confidenter
1690 3363 1807 3411 assume,

1012 3444 1074 3513 quia
1089 3443 1153 3500 illud
1169 3444 1253 3513 magis
1267 3444 1389 3501 celerare
1401 3445 1619 3515 potestaniruunr
1634 3449 1767 3507 nostruin,
1781 3440 1805 3496 si

1012 3538 1111 3610 aliquid
1134 3553 1184 3608 per
1208 3553 1257 3594 ros
1279 3552 1474 3608 cognoscamus
1495 3536 1643 3606 impletam.
1674 3532 1802 3588 Praesenti

1012 3631 1086 3687 enim
1098 3630 1156 3688 sala
1167 3630 1249 3685 rerba
1264 3641 1422 3700 praestares,
1439 3644 1511 3685 nunc
1529 3636 1619 3684 numan
1633 3626 1704 3683 facta
1718 3627 1808 3696 potius

1011 3719 1145 3777 debentur
1158 3721 1271 3778 absenti.
1287 3718 1438 3775 Consilium
1458 3719 1558 3791 quippe
1580 3727 1660 3773 tantae
1679 3717 1750 3774 sedis
1769 3716 1808 3771 ‘n-

1012 3825 1078 3883 gens
1091 3820 1133 3869 est
1142 3811 1320 3884 proculdubio
1332 3810 1403 3867 fama
1417 3811 1585 3867 meritorum.
1598 3808 1653 3866 Sed
1667 3805 1809 3866 considera

1011 3903 1076 3978 quid
1099 3903 1222 3973 erigatur
1248 3903 1291 3958 cui
1315 3903 1369 3957 tale
1394 3917 1491 3956 nomen
1518 3899 1678 3970 imponitur.
1720 3896 1809 3953 Labor

1012 4003 1103 4051 vester
1121 4001 1249 4066 procuret
1267 3993 1332 4047 mibi
1356 3992 1476 4047 omniunt
1498 3992 1625 4063 quietem.
1648 3988 1730 4046 Scitis
1749 4003 1809 4061 qua

1012 4083 1100 4155 turpia
1114 4084 1251 4153 neglectus
1265 4083 1396 4138 intulerit.
1407 4082 1542 4152 Scopulus
1556 4080 1681 4135 citandus
1691 4088 1747 4143 est,
1762 4079 1808 4135 ubi

1012 4175 1082 4230 alter
1093 4173 1214 4229 oflendit.
1231 4173 1284 4229 Sed
1297 4174 1349 4229 lroe
1360 4189 1409 4229 ros
1423 4187 1534 4228 monere
1547 4186 1607 4226 mea
1621 4171 1710 4241 potius
1722 4170 1809 4226 curio·

1013 4355 1057 4411 illa
1072 4369 1153 4423 agere
1167 4354 1309 4420 credimus,
1325 4369 1385 4428 qurc
1404 4353 1527 4424 (jurante
1540 4351 1608 4424 Deo)
1623 4350 1699 4406 famae
1713 4360 1811 4410 nestrae

1012 4452 1040 4500 et
1054 4444 1206 4514 reipublicae
1218 4443 1292 4497 utilia
1308 4458 1368 4498 esse.
1378 4443 1540 4512 judicamus.

1302 4573 1469 4632 epistola
1484 4574 1515 4627 V.

1014 4683 1142 4724 ΔΙΙΒΙιθδῙθ
1161 4680 1375 4727 libertaverat,
1391 4679 1466 4719 b'fCES
1480 4679 1578 4719 locari
1600 4679 1719 4720 SEM‘fssll
1739 4679 1811 4719 ΡΜ·

1273 4750 1374 4790 rectas
1389 4750 1541 4790 retardata.

1015 4827 1145 4887 Hortatur
1157 4834 1186 4886 af
1207 4828 1302 4899 napata
1316 4827 1434 4882 flumana
1448 4828 1557 4898 penaria
1570 4826 1701 4882 laboranti
1722 4840 1813 4895 qaam·

1278 4900 1390 4969 primam
1405 4905 1552 4953 secernat.

1047 4989 1170 5047 Gaudere
1184 5004 1233 5046 ros
1247 4989 1355 5061 quidem
1376 4990 1404 5047 in
1418 4990 1458 5045 eis
1472 4989 1554 5046 eredo
1576 5003 1638 5058 qaae
1651 4986 1811 5046 charitatem

1014 5092 1130 5138 nestram
1145 5088 1256 5150 optasse
1279 5079 1412 5156 dijudieo;
1434 5094 1496 5136 nant
1511 5078 1595 5148 ipsius
1609 5075 1813 5156 quodammodo

1013 5192 1059 5232 res
1080 5175 1177 5244 agitur,
1202 5172 1280 5243 caius
1298 5173 1324 5226 in
1348 5171 1462 5226 alterum
1475 5177 1539 5224 rota
1554 5168 1734 5239 complentur.
1757 5166 1812 5223 Sed

1013 5266 1077 5322 binc
1099 5261 1219 5332 intelligo
1232 5261 1350 5331 antiqua
1364 5258 1490 5315 aruicitiar
1507 5257 1638 5321 fructum,
1654 5271 1715 5326 quar
1729 5271 1812 5311 renn-

1014 5362 1085 5410 stntc
1108 5352 1212 5408 felicior
1234 5358 1292 5416 est,
1319 5348 1519 5408 inmanissimi
1542 5348 1649 5419 saporis
1672 5362 1813 5405 enuntiasse

1015 5441 1194 5508 dulcedinem,
1216 5441 1238 5496 si
1258 5440 1332 5510 prius
1354 5438 1483 5494 llonranre
1495 5437 1615 5495 ciuitatis
1635 5438 1741 5509 eopianr
1763 5454 1813 5509 per

1016 5610 1117 5727 tempta
1130 5602 1236 5671 justitia
1252 5599 1437 5657 misericordia
1451 5600 1618 5666 oliserrrtor,
1635 5600 1691 5671 ipsa
1705 5599 1813 5658 miseri·

1015 5689 1072 5728 cori
1083 5676 1107 5728 ia
1121 5691 1176 5730 non
1191 5679 1232 5729 cst
1246 5672 1440 5735 misericordia,
1456 5670 1504 5725 sed
1519 5669 1636 5726 fatuitas.
1652 5670 1749 5726 farer.
1791 5737 1796 5745 ¹

1051 5744 1065 5784 b
1083 5744 1285 5803 advocatorum
1300 5742 1422 5797 actiones
1434 5756 1495 5796 rum
1512 5741 1648 5805 liniuntur,
1667 5749 1731 5794 tuuc
1745 5739 1813 5794 incr·

1016 5815 1102 5940 ιιιίιιιιιὲιτ
1107 5816 1265 5893 dignitates,
1281 5815 1318 5868 ait
1330 5811 1426 5869 Sidou.
1442 5811 1542 5883 apati,
1558 5812 1641 5876 liba,
1662 5812 1744 5880 epist.
1767 5807 1811 5864 tt.
