4059 6184
176 289 252 350 -ιῃ,
805 287 847 342 ii.
866 285 1007 342 nuncin
1026 285 1226 344 cassiunont
1789 288 1843 346 ota

176 409 188 440 ·’”
199 403 309 462 Petraia
320 402 409 478 (lona.
423 418 476 470 xiv,
488 402 514 466 Β,
528 401 555 473 ti)
572 409 719 470 :tanquam
732 402 926 472 perspeculiiiii
937 402 997 457 sine
1012 406 1035 464 Α
1050 399 1098 465 xit,
1119 402 1188 456 siem
1209 415 1290 470 supra
1314 401 1450 470 posuimus
1471 420 1477 454 :
1493 400 1689 457 honorationem
1711 405 1767 475 ejas
1785 407 1843 476 quii

201 497 305 552 macula
329 505 358 553 et
381 494 528 550 animatum
552 507 601 563 poi·
626 490 744 547 divinam
767 491 826 561 cius
847 492 996 560 ‚imaginem
1047 491 1180 544 enarrabit
1204 488 1283 559 (lani.
1303 505 1359 556 ciii,
1379 490 1425 558 dt?
1447 489 1625 546 subsistentia
1647 495 1706 563 lini.
1732 492 1842 562 ilicem,

200 586 430 656 contemplaretur
452 581 574 640 Patrem:
590 597 670 653 quein
694 582 818 637 similiter
838 582 864 637 in
883 580 999 637 Psalmis
1048 578 1210 652 substantia]
1229 580 1353 636 videlicet
1375 581 1433 650 ejus
1452 582 1524 637 omni
1547 591 1645 637 create
1669 593 1770 639 naturae
1792 586 1843 640 im·

200 675 361 730 sanctissimi
376 673 427 730 riri
440 681 551 734 canimt,
565 670 686 727 dicentes
700 687 707 722 ε
720 667 754 723 lii
768 671 864 724 luinine
876 678 918 724 tuo
930 668 997 724 iios
1048 669 1234 741 perscrutabili
1255 671 1399 735 existente,
1420 671 1488 726 sicut
1508 679 1536 726 et
1558 672 1615 742 ipse
1638 671 1719 728 Pater
1743 673 1842 745 imper-

200 765 282 818 timur
305 764 391 818 torneia
416 761 502 833 (itant.
524 775 606 825 xxxv,
631 758 688 831 lli).
712 757 883 829 Quapropter
905 758 999 828 etqui
1049 762 1200 817 scrutabilis
1223 772 1285 828 est,
1313 776 1346 817 eo
1374 762 1446 832 qnod
1473 778 1527 818 nori
1554 765 1643 834 caint
1670 767 1842 824 rationalium

201 855 320 908 honorat
341 851 460 915 Patrem,
475 852 592 907 honorat
611 861 639 907 et
655 850 766 916 Filiuin3
781 849 868 919 etqui
883 848 999 903 honorat
1047 863 1145 910 natura
1166 855 1316 916 scientiam,
1339 870 1392 924 qua
1416 853 1495 910 Pater
1517 857 1609 924 genuit
1630 855 1739 912 Filium.
1765 858 1842 926 Quod

200 941 309 1008 Filium,
322 941 439 998 honorat
453 950 480 996 et
499 939 619 1007 Patrem,
633 948 661 995 et
675 949 759 995 vecte.
774 938 866 993 Omnis
881 951 998 1007 namque
1048 944 1156 1014 quidem
1180 961 1233 1000 non
1249 960 1263 998 a
1280 961 1322 999 me
1337 945 1465 1001 convenit
1483 945 1573 1000 dicere
1586 947 1644 1000 viro
1658 945 1724 1020 led..
1739 945 1802 1002 llio.
1817 957 1844 1004 et

141 1070 144 1076 ’
200 1049 254 1087 l⁰¹
268 1033 348 1104 imi)ia
363 1047 423 1103 qum
443 1033 469 1087 ¹¹¹
492 1031 561 1086 Filii>
575 1030 628 1087 (llll
647 1030 824 1101 praesumitur,
842 1029 874 1084 ad
891 1027 997 1082 Paltem
1047 1032 1142 1101 Fron,
1158 1035 1261 1091 discere
1281 1036 1363 1105 virosi
1384 1036 1479 1104 spiritu
1504 1036 1622 1089 veritatis
1642 1036 1764 1104 impleto3
1781 1050 1844 1090 eru·

199 1137 309 1194 quoque
323 1120 450 1179 refertur.
462 1121 517 1179 Sed
530 1121 628 1178 mirum
642 1136 696 1176 tion
709 1129 751 1176 etl
764 1119 836 1190 quod
848 1119 998 1188 scriblttttls
1047 1123 1137 1182 dientc
1151 1127 1252 1196 quippe
1265 1142 1314 1181 nos
1326 1123 1425 1180 Christi
1440 1141 1514 1191 voce,
1526 1141 1578 1194 qua
1593 1126 1658 1181 dicit
1671 1144 1677 1178 ε
1691 1125 1784 1181 Nullus
1798 1144 1844 1182 iio·

200 1230 269 1278 sum,
286 1229 302 1270 o
318 1213 480 1277 cliniissimi,
496 1215 519 1269 si
533 1213 613 1268 lalsas
627 1212 767 1268 adversum
788 1228 831 1267 me
844 1211 997 1279 derogatio·
1046 1219 1081 1272 nti
1095 1220 1151 1288 qnia
1165 1226 1203 1271 mr
1223 1216 1310 1282 Pota,
1326 1217 1379 1270 nisi
1392 1214 1493 1279 Fitinrg
1504 1224 1527 1270 et
1542 1217 1627 1271 nullm
1646 1219 1715 1270 nooit
1732 1218 1788 1289 qidr
1803 1228 1843 1271 eir

200 1320 258 1369 nos,
280 1311 307 1359 et
331 1314 426 1359 contra
449 1302 596 1373 piissimum
611 1311 732 1358 nostrum
750 1302 878 1373 populum
893 1301 997 1356 delatas
1048 1307 1153 1378 fiune,
1180 1309 1230 1363 nixi
1259 1306 1341 1362 Pater
1367 1306 1474 1378 (Martii.
1501 1323 1544 1376 xi,
1567 1305 1627 1378 27);
1653 1315 1680 1362 et
1704 1316 1842 1363 asserente

200 1394 315 1450 insitum·
332 1392 365 1459 ffl
379 1393 451 1449 essim
466 1394 512 1464 qui
528 1401 621 1449 ⁰⁰¹¹ll³
632 1392 760 1448 destillent
776 1391 835 1446 Filii
848 1392 896 1447 bei
907 1401 996 1446 calta
1047 1415 1109 1455 eum
1135 1398 1367 1453 inconvertibilem
1391 1406 1419 1453 et
1441 1398 1634 1454 immutabilem
1654 1414 1683 1454 se
1702 1399 1772 1454 sicut
1789 1396 1842 1453 Pa-

200 1484 379 1548 constituunt,
403 1498 491 1553 neque
514 1490 608 1538 contra
632 1496 682 1538 iios
707 1482 827 1550 ingratas
849 1480 997 1536 calumnias
1048 1500 1128 1557 irem,
1143 1489 1224 1562 219
1238 1488 1450 1557 aquilegensem,
1466 1488 1612 1558 perlectum
1628 1487 1733 1554 Filium
1749 1504 1842 1558 aeqna·

200 1589 329 1630 exercere
347 1572 492 1630 loriiiidant
506 1589 514 1627 ε
526 1573 653 1644 quoniam
669 1587 720 1629 iiec
738 1572 887 1643 priscorum
901 1586 997 1640 quem·
1046 1577 1155 1647 lemque
1167 1575 1237 1630 Patri
1252 1575 1302 1631 soli
1317 1576 1445 1644 ingenito.
1458 1574 1547 1645 liiiaqo
1561 1577 1631 1632 enini
1643 1588 1685 1632 est
1699 1578 1840 1647 integerri-

199 1664 271 1735 piani
286 1663 430 1733 dignantur
444 1662 552 1718 sibimet
563 1677 732 1733 comparare,
745 1677 834 1732 neque
849 1669 998 1732 precepto·
1047 1681 1090 1721 nia
1105 1674 1133 1720 ct
1147 1666 1319 1720 immutabilis
1334 1664 1438 1732 i'atris;
1451 1675 1478 1721 et
1491 1668 1601 1721 omnino
1614 1666 1756 1735 imaginem
1770 1682 1840 1722 cou-

199 1756 274 1811 ribus
292 1770 336 1823 sc,
354 1770 370 1810 o
386 1754 483 1825 quibos
506 1769 555 1809 nos
576 1752 610 1809 ab
632 1752 742 1809 infantia
766 1752 863 1808 eruditi
887 1766 993 1817 snmus,
1009 1760 1033 1820 Β
1047 1758 1120 1813 venit
1143 1773 1202 1814 esse
1226 1758 1347 1828 plenarii,
1372 1773 1514 1828 perquam
1539 1774 1593 1815 non
1607 1760 1677 1815 desit
1690 1759 1790 1829 aliquid
1804 1759 1840 1815 ab

198 1862 306 1918 mquaie
317 1847 468 1918 patiuntur3
480 1862 568 1917 neque
578 1844 822 1902 comministrorum
833 1857 994 1915 quemqnam
1045 1847 1199 1917 aequalitate
1213 1849 1272 1917 ejus
1294 1848 1369 1917 cujus
1382 1848 1471 1917 imago
1484 1857 1541 1914 est,
1557 1849 1626 1903 sicut
1640 1848 1697 1919 ipse
1710 1847 1840 1905 Dominus

197 1957 271 1998 uunc
283 1941 436 2011 ubicunque
455 1940 659 1997 consistentium
674 1940 702 1994 in
717 1953 842 1994 mensura
856 1938 995 2009 sapientise
1045 1937 1147 2005 docuit,
1161 1940 1252 1995 dicens
1264 1957 1271 1993 ε
1284 1939 1365 1994 Pater
1384 1956 1454 1995 meos
1473 1942 1559 2012 niojor
1572 1958 1612 1996 me
1625 1951 1663 1996 est
1677 1941 1767 2010 (donn.
1782 1959 1838 2010 xiv,

196 2040 334 2105 reputant,
350 2033 427 2103 quasi
442 2032 494 2088 soli
507 2032 654 2102 sapientes,
666 2038 694 2085 et
709 2029 775 2085 nibil
788 2043 931 2086 ooimnune
944 2029 994 2084 ha·
1042 2028 1109 2101 28);
1133 2030 1281 2085 seeundum
1301 2030 1372 2099 quod
1395 2046 1502 2100 semper
1515 2032 1596 2086 etiaiii
1621 2047 1681 2087 esse
1694 2031 1715 2086 F
1716 2032 1789 2087 ilioni
1803 2047 1839 2089 ex

196 2123 308 2188 hentes,
332 2133 414 2195 atque
435 2139 568 2180 novorum
594 2122 749 2191 dogmatum
774 2122 942 2189 inventores,
966 2128 995 2177 et
1045 2118 1125 2176 Patre
1136 2105 1280 2176 credimus.
1304 2120 1436 2190 Splendor
1449 2121 1519 2176 enini
1534 2130 1572 2175 ert
1593 2120 1692 2193 plorioe,
1709 2132 1736 2176 et
1748 2122 1840 2194 pipam

196 2215 293 2285 quihus
304 2215 369 2271 solis
381 2215 498 2270 revelata
512 2223 575 2269 sunt
587 2228 646 2285 quse
660 2227 675 2267 a
690 2211 764 2268 nullo
776 2211 862 2267 altero
876 2211 926 2266 sub
936 2210 994 2266 sole
1043 2222 1163 2283 paternae
1172 2213 1322 2267 monsontio·
1336 2211 1389 2285 [eit.
1407 2209 1452 2280 V„
1462 2210 1651 2282 subsistentiae]
1662 2211 1755 2284 (licor.
1766 2227 1785 2277 i,
1796 2211 1838 2280 3).

196 2304 334 2361 intellecta
358 2314 515 2362 noscuntur.
533 2301 560 2358 0
579 2303 693 2359 scelesta
712 2300 846 2373 superbia,
863 2300 993 2355 immensa

197 2397 318 2462 vesania,
335 2395 520 2466 ranaeqlnrim
544 2393 629 2460 lnior,
643 2409 676 2450 ac
689 2393 819 2464 sapientia
834 2390 950 2458 Satanae,
967 2391 993 2445 iu

196 2488 299 2544 animas
308 2503 402 2544 eorum
413 2485 590 2556 nequissimas
599 2485 774 2541 veliementer
785 2481 921 2539 insiliens!
933 2480 992 2536 Non

196 2576 328 2633 deterruit
350 2592 399 2634 eos
420 2577 590 2647 antiquarum
604 2574 803 2644 Scripturaruni
818 2572 873 2628 beo
888 2571 991 2627 amabi·

196 2668 259 2722 lium
270 2666 437 2737 explanatio,
453 2681 506 2721 novi
521 2665 767 2721 comministrorum
782 2677 894 2719 consors
913 2678 992 2717 rere·

196 2759 282 2814 rentia
302 2758 336 2814 de
361 2756 469 2813 Christo
492 2755 660 2811 ferocitatem
685 2769 778 2809 eoruin
799 2750 991 2817 inausuelecit;

196 2864 310 2920 quorum
325 2847 439 2903 scelesta
454 2861 537 2916 opera
548 2860 599 2901 iicc
612 2845 748 2900 daemones
761 2840 832 2899 terre
843 2842 990 2912 patiuntur,

196 2936 305 3008 qnando
319 2950 414 2992 vocem
431 2935 616 3007 blasphemam
639 2943 735 2990 contra
754 2932 849 2988 Filium
863 2932 910 2989 liei
925 2948 990 3004 pro·

195 3042 270 3085 inere
289 3042 343 3084 nou
366 3033 540 3099 presumunt.
556 3024 620 3081 llaec
638 3024 718 3095 igitur
737 3024 826 3094 iacula
844 3023 990 3080 secundum

1044 2303 1098 2359 Sed
1108 2305 1196 2359 nullus
1209 2303 1271 2368 hoe,
1287 2310 1403 2374 semper,
1428 2302 1462 2357 ad
1475 2303 1654 2372 suspicionem
1669 2306 1778 2374 ingeniti
1791 2321 1838 2360 su·

1044 2404 1110 2460 mat,
1125 2394 1203 2449 sicuti
1218 2400 1312 2464 putant
1325 2393 1371 2462 qui
1385 2380 1479 2447 sensus
1493 2393 1589 2447 animae
1598 2401 1711 2449 necatos
1725 2394 1836 2451 habent.

1044 2484 1110 2540 Nain
1125 2498 1213 2554 neque
1225 2491 1299 2552 erat,
1317 2498 1404 2554 neque
1417 2498 1534 2555 semper,
1550 2499 1637 2554 iieque
1650 2491 1714 2540 ante
1725 2485 1837 2552 saccula,

1043 2575 1114 2631 idein
1128 2585 1169 2631 est
1189 2574 1260 2645 quod
1275 2575 1433 2644 ingenitum.
1447 2574 1502 2631 Sed
1516 2591 1567 2632 nec
1577 2576 1689 2646 quilibet
1703 2578 1837 2634 humanus

1043 2667 1195 2724 intellectus
1215 2666 1250 2721 ab
1269 2665 1420 2722 homnibus
1445 2667 1597 2722 nominatus
1619 2668 1738 2724 indicare
1764 2670 1837 2725 valet

1042 2756 1110 2825 hoc,
1120 2755 1193 2826 quod
1206 2756 1321 2812 dicimus
1341 2756 1499 2827 ingenitum,
1518 2757 1588 2812 sicut
1600 2767 1628 2813 et
1640 2773 1689 2813 iios
1702 2759 1839 2814 :estimare

1043 2846 1124 2902 credo
1134 2887 1143 2913 ,
1155 2855 1183 2901 et
1197 2847 1231 2902 de
1249 2847 1369 2902 omnium
1384 2855 1535 2903 vestrorum
1557 2848 1663 2904 conlido
1679 2850 1834 2920 proposito,

1042 2933 1115 2989 nullo
1129 2934 1209 2989 inodo
1227 2933 1391 3001 quibuslibet
1414 2935 1567 2990 nominibus
1583 2936 1728 3005 ingenitum
1742 2937 1834 2993 decla·

1041 3023 1154 3080 randum
1166 3023 1230 3096 [ed.,
1246 3021 1347 3077 ilicet
1362 3019 1454 3089 Frui,
1475 3021 1691 3096 declarantiuuil.
1705 3024 1835 3081 Videntur

192 3130 355 3191 presentem
368 3119 493 3174 uirtutem
506 3117 655 3187 dirigantur
668 3117 796 3172 adversus
809 3130 857 3172 eos
870 3117 918 3187 qui
927 3132 990 3173 eru·
1003 3125 1026 3188 C
1041 3117 1113 3174 enini
1128 3117 1186 3172 haec
1199 3115 1308 3171 nomina
1321 3115 1403 3171 veluti
1418 3125 1568 3186 temporum
1582 3130 1642 3171 esse
1657 3116 1833 3185 productiva:

195 3213 250 3268 dita
273 3210 339 3285 [rd.,
358 3210 502 3282 inerudita]
523 3210 637 3266 materia
657 3219 751 3265 eontra
772 3207 906 3264 Christum
925 3224 990 3265 eiia-
1040 3209 1120 3279 digne
1142 3216 1232 3263 tamen
1254 3207 1337 3277 ipsius
1361 3204 1496 3274 Unigeniti
1509 3205 1687 3271 divinitatem,
1701 3215 1728 3262 et
1750 3208 1834 3264 veluti

195 3309 310 3359 cuuiitur
323 3300 357 3357 ad
369 3301 479 3365 bellum,
493 3309 522 3356 et
535 3300 664 3357 adversus
678 3300 806 3371 pietatem
817 3298 874 3369 ejus
886 3297 987 3366 palum·
1040 3302 1128 3357 dicam
1142 3300 1330 3370 antiquitatem
1345 3312 1514 3368 nequaquam
1528 3296 1679 3365 significare
1700 3298 1832 3365 valentia,

189 3396 254 3451 nias
267 3393 366 3450 inlcrre
379 3390 554 3449 contendunt.
570 3390 653 3446 Aiunt
665 3391 738 3446 enim
752 3406 802 3447 iios
816 3391 990 3447 adversantes
1040 3408 1101 3449 cuin
1115 3392 1201 3447 sancti
1226 3390 1353 3445 videlicet
1366 3388 1416 3444 viri
1431 3388 1577 3444 secundum
1600 3404 1675 3443 suam
1690 3388 1835 3459 unusquis-

190 3482 311 3552 labulas,
327 3498 361 3540 ea
375 3482 472 3553 quibus
486 3482 624 3537 inventum
639 3486 681 3537 est
692 3480 755 3550 dici,
766 3495 800 3535 ex
814 3495 868 3536 uon
881 3489 989 3536 exstari-
1039 3498 1092 3552 qne
1106 3483 1232 3537 virtutem
1246 3489 1445 3536 sacramentum
1459 3478 1512 3533 hoc
1524 3478 1630 3549 aperire
1651 3479 1741 3535 conati
1753 3479 1807 3534 sirit
1822 3496 1831 3534 a

195 3576 276 3643 libus·
291 3576 400 3649 implam
414 3583 507 3632 elnon
528 3575 655 3645 scriptam
669 3580 763 3636 eontra
777 3571 912 3628 Christum
931 3572 990 3627 bla·
1040 3576 1146 3632 veniam
1168 3584 1312 3647 poscentes
1331 3574 1365 3630 ab
1389 3573 1559 3630 auditoribus
1571 3590 1620 3644 per
1633 3573 1833 3632 satisfactiones

195 3667 345 3739 spbemiam
359 3665 515 3739 predicare,
528 3661 554 3720 id
568 3675 609 3721 est
619 3663 672 3720 duo
687 3661 805 3732 ingenita
817 3679 824 3714 :
837 3661 886 3731 ipsi
899 3661 989 3731 potius
1039 3669 1230 3734 pantomimos,
1246 3668 1361 3724 dicendo
1378 3668 1412 3724 de
1426 3682 1456 3723 ss
1472 3685 1480 3721 2
1496 3667 1656 3723 proruimus
1679 3673 1750 3737 quoq
1768 3684 1832 3739 per.

172 3775 175 3790 ¹
195 3762 309 3817 duorum
331 3760 445 3816 altemm
467 3759 620 3815 necessario
642 3771 701 3813 esse
721 3763 848 3826 oportere
868 3753 989 3811 dicentes
1039 3762 1144 3829 tingere
1158 3759 1356 3829 praevaluimus.
1372 3757 1401 3815 Si
1415 3757 1480 3827 quid
1492 3765 1582 3813 autem
1603 3757 1672 3813 ultra
1694 3758 1832 3814 hominem

195 3850 331 3918 ineruditi,
347 3860 395 3908 aut
406 3867 441 3909 ex
451 3865 505 3906 noii
519 3847 686 3906 exstantibus
700 3846 796 3901 lilium
807 3860 866 3902 esse
879 3844 988 3915 sapien·
1038 3859 1212 3922 exspectant,
1234 3850 1387 3920 quicunque
1400 3849 1450 3904 viri
1474 3857 1502 3904 et
1525 3849 1559 3903 ad
1581 3848 1667 3917 majus
1680 3847 1832 3903 innituntur

195 3946 268 4007 dubi,
280 3952 326 4000 out
337 3943 519 3998 indubitanter
528 3939 619 3996 (licere
629 3937 747 4007 ingenita
757 3936 821 3992 duo.
831 3934 989 4006 ignorantes
1038 3942 1191 4010 cloquium,
1218 3938 1283 3993 illud
1305 3939 1377 4007 quod
1404 3938 1470 3992 ait:
1494 3935 1538 3991 Ea
1560 3946 1634 4005 porte
1655 3938 1832 4008 coquoscimiis

187 4036 311 4107 »iiiipcriti
326 4036 388 4105 quia
403 4034 517 4090 multum
532 4041 573 4086 cst
584 4031 655 4086 inter
668 4028 776 4084 Panem
790 4028 949 4097 ingenitum,
959 4038 989 4083 et
1039 4030 1066 4104 (1
1081 4028 1142 4084 Cor.
1158 4044 1215 4093 itii,
1239 4028 1278 4099 9),
1291 4025 1347 4095 jam
1364 4035 1489 4097 putantes
1503 4041 1563 4081 esse
1586 4025 1765 4092 destmctum;
1781 4041 1831 4096 pa-

194 4142 300 4197 eaquae
319 4126 353 4181 ab
371 4140 405 4180 co
419 4140 453 4181 ex
470 4139 524 4178 iioii
538 4120 706 4178 exstantibus
720 4126 783 4173 sunt
796 4128 886 4174 creata
902 4119 988 4174 ratio·
1037 4121 1090 4176 lain
1105 4127 1154 4184 est,
1166 4119 1228 4188 quia
1243 4118 1355 4174 multum
1366 4132 1414 4187 spe
1424 4132 1471 4171 sua
1482 4115 1617 4172 deliciunt.
1632 4113 1714 4185 igitur
1723 4123 1791 4183 erat,
1803 4123 1832 4171 et

194 4218 293 4275 nabilis
306 4225 334 4274 et
348 4214 557 4281 irrationabilia3
570 4227 684 4283 quoruin
701 4210 787 4266 incilia
800 4211 920 4267 existens
940 4225 988 4265 na·
1037 4226 1157 4280 semper,
1170 4217 1199 4265 ct
1211 4218 1274 4263 ante
1284 4208 1397 4276 saccula,
1410 4206 1587 4276 quodcunque
1606 4206 1655 4271 sit,
1672 4220 1725 4260 nori
1740 4213 1831 4260 tamen

194 4325 253 4370 tura
269 4312 414 4383 unigenita,
426 4322 563 4379 perquam
576 4305 699 4361 universa
711 4318 808 4359 exnon
819 4301 988 4358 exstantibus
1037 4311 1079 4357 est
1093 4300 1118 4356 id
1132 4300 1203 4370 quod
1216 4299 1375 4368 ingenitum.
1396 4295 1466 4365 Ergo
1488 4295 1607 4363 ingenito
1626 4295 1733 4366 quidem
1757 4292 1831 4349 Patri

194 4405 257 4463 lecit
272 4405 351 4460 Pater
365 4402 413 4457 bei
427 4399 517 4484 Verbi,
530 4413 564 4454 ex
578 4397 637 4469 ipso
647 4411 712 4451 vero
727 4392 805 4449 Patre
821 4393 986 4448 nativitatem
1036 4393 1146 4465 propria
1161 4392 1278 4461 dignitas
1290 4399 1333 4447 est
1342 4389 1471 4446 servanda
1483 4386 1543 4463 [iiis.
1557 4386 1634 4459 hyn,
1645 4386 1830 4461 ooiilerenda],

194 4497 286 4560 liabct,
300 4495 370 4549 sicut
382 4500 409 4547 et
422 4491 480 4562 ipse
495 4489 621 4545 Dominus
635 4486 733 4541 alicubi
749 4493 862 4540 testatus
876 4492 927 4550 est,
944 4482 987 4536 ili·
1003 4484 1027 4544 Ι)
1041 4487 1140 4541 nuttam
1153 4486 1271 4540 dicentes
1285 4484 1311 4538 ei
1325 4495 1433 4538 causam
1446 4481 1527 4536 tuisse
1539 4489 1570 4534 ni
1581 4488 1669 4546 essem
1684 4478 1750 4534 Filio
1765 4495 1831 4535 vem

194 4603 276 4644 coiis:
291 4583 342 4651 Qui
356 4585 439 4656 diliqit
454 4581 568 4641 Patrem,
585 4579 670 4652 diliqii
684 4576 780 4631 Filium
792 4576 835 4647 qni
848 4592 880 4629 ea·
894 4591 923 4628 eo
938 4589 987 4626 ito-

194 4689 234 4732 itii
248 4686 286 4732 eat
301 4674 329 4747 (l
348 4673 426 4729 lucii.
449 4690 476 4739 v,
498 4672 536 4742 l).
550 4671 587 4726 Du
601 4669 697 4739 quibus
716 4683 766 4722 nos
787 4668 821 4719 ita
840 4665 984 4729 credimus,

194 4768 263 4823 sicut
278 4765 433 4838 apostolicae
448 4765 537 4833 pbicet
550 4760 685 4822 Ecclesiae,
702 4759 727 4813 iii
742 4773 823 4812 uiiuiii
840 4756 985 4824 ingenitum

191 4856 312 4921 Patrem,
328 4856 429 4912 nullam
454 4853 513 4909 liub.
524 4862 597 4908 vitem
620 4865 728 4906 causaiu
749 4855 777 4901 nt
795 4855 875 4912 esset,
892 4847 986 4902 incon-

194 4952 344 5009 vertibilem
358 4959 386 5006 et
399 4947 604 5012 immutabilem,
614 4956 721 5013 semper
731 4939 813 5000 idum,
825 4948 852 4993 et
863 4938 986 4994 similiter

192 5064 224 5106 se
236 5048 390 5108 baheiiteiii,
402 5058 457 5099 nec
478 5047 634 5112 provectum
649 5050 700 5091 nec
714 5032 925 5090 imminutionem
941 5048 985 5086 ro-

194 5140 349 5210 capientem,
362 5134 451 5203 Legis,
465 5141 493 5186 rt
503 5129 712 5199 Prophetarum,
727 5123 986 5194 Evaiiqelioinniqne

194 5233 326 5294 datorem,
347 5226 559 5300 patriarcharum
578 5229 606 5277 et
625 5219 808 5291 apostolorum
831 5215 985 5283 lioniinuni,

191 5322 367 5391 omniumque
380 5323 550 5381 sanctoruiia;
567 5321 595 5368 et
606 5312 632 5366 iii
646 5324 728 5366 unuin
741 5306 882 5364 Domiimio
894 5304 991 5395 lusani,

193 5410 330 5468 Christum
343 5408 440 5463 Filium
455 5404 501 5460 bei
517 5402 693 5474 unigenitum,
708 5406 800 5454 natum
814 5412 868 5452 noii
883 5410 916 5449 ex
932 5409 986 5449 non

195 5509 327 5565 exstante,
343 5496 389 5553 sed
404 5511 438 5551 ex
451 5501 576 5550 exstante
590 5490 685 5557 Pati·e;
698 5503 751 5544 non
765 5484 912 5542 secundino
926 5499 987 5538 cor·

195 5604 291 5660 porum
305 5585 493 5645 similitudines
507 5582 690 5648 incisionibus,
709 5587 756 5634 aut
775 5575 934 5631 divisionum
949 5570 988 5628 ei-

195 5679 369 5746 ssuxionibus,
392 5675 470 5732 sicuti
492 5672 609 5732 Sabellio
624 5679 653 5725 et
665 5667 808 5724 Valentino
827 5666 925 5735 placet,
940 5661 987 5717 sed

196 5769 367 5856 nichomiam
381 5775 407 5822 ot
427 5763 641 5820 inenarrabiliter
656 5757 802 5816 sccuiiduiu
819 5770 880 5813 euin
891 5753 937 5824 qui
947 5752 988 5810 di·

1039 4592 1173 4646 cougruus
1194 4574 1368 4630 distribuatur
1383 4573 1480 4626 bonor.
1503 4569 1567 4626 Sine
1582 4569 1710 4640 principio
1726 4568 1831 4625 eiiiiita

1039 4667 1119 4725 Patre
1132 4668 1247 4723 seianius
1271 4666 1330 4735 eius
1351 4679 1410 4720 csse
1433 4661 1618 4725 natiritatem,
1633 4660 1764 4715 culturam
1787 4659 1830 4723 ei,

1039 4761 1108 4816 sicut
1132 4757 1321 4829 praediximus,
1346 4754 1494 4808 tribuentes
1506 4751 1565 4821 pie,
1581 4757 1662 4819 atque
1675 4764 1737 4804 cum
1760 4749 1832 4807 bona

1039 4850 1166 4922 opinione
1177 4861 1258 4916 snper
1272 4859 1317 4911 eo,
1331 4850 1403 4908 erat,
1426 4848 1455 4896 et
1472 4855 1590 4910 semper,
1606 4846 1633 4894 et
1647 4847 1709 4893 ante
1722 4835 1833 4903 sarcula,

1039 4938 1233 5012 predicantem
1247 4934 1412 4990 divinitatem
1427 4931 1526 5000 quippe
1546 4929 1603 4998 ejus
1616 4935 1831 4998 perscrutantes,

1039 5030 1087 5086 sed
1103 5028 1210 5097 imagini
1223 5034 1251 5081 et
1263 5020 1468 5095 perscrutationi
1482 5018 1569 5074 Patris
1582 5017 1728 5090 perlectam
1739 5029 1832 5084 sequa-

1040 5123 1141 5177 litatem
1157 5134 1205 5190 per
1219 5114 1309 5174 omnia
1322 5114 1494 5173 devoventes,
1510 5110 1651 5180 Proprium
1666 5123 1730 5163 vero
1743 5108 1832 5163 solum

1039 5212 1159 5268 dicentes
1169 5209 1266 5274 Patris,
1280 5204 1354 5276 quod
1369 5204 1504 5273 ingenitus
1515 5211 1572 5267 est,
1587 5217 1647 5257 cnm
1659 5210 1686 5257 et
1700 5201 1758 5271 ipse
1769 5200 1832 5256 Sat-

1038 5311 1116 5356 vator
1135 5298 1231 5355 dixerit
1247 5316 1254 5352 :
1270 5297 1350 5352 Pater
1367 5311 1438 5350 mens
1453 5294 1538 5364 major
1553 5309 1594 5346 ine
1613 5300 1653 5347 est
1672 5288 1762 5359 (loon.
1777 5305 1833 5355 xiv,

1042 5388 1099 5461 28).
1114 5387 1141 5442 ln
1155 5388 1206 5443 hac
1227 5387 1317 5455 itaque
1332 5383 1374 5454 pia
1393 5383 1427 5439 de
1445 5380 1524 5437 Patre
1544 5379 1667 5448 Filioque
1688 5376 1831 5441 sententia,

1042 5481 1113 5535 sicut
1137 5494 1185 5532 nos
1198 5477 1294 5530 divinoe
1317 5475 1461 5544 Scripturas
1472 5472 1586 5537 docent,
1602 5486 1684 5525 unum
1703 5467 1831 5537 Spiritum

1042 5581 1163 5625 sancium
1188 5567 1356 5632 confitemur,
1379 5564 1425 5635 qui
1439 5562 1551 5633 replevit
1564 5569 1593 5616 et
1614 5560 1719 5616 Veteris
1737 5555 1831 5613 Testa-

1044 5660 1125 5714 menti
1142 5669 1251 5713 sanctos
1266 5658 1403 5718 lioiiiincs,
1418 5664 1447 5709 et
1461 5652 1527 5708 Novi
1546 5650 1742 5707 sacratissimus
1762 5664 1834 5719 prae·

1043 5759 1188 5823 ceptores:
1204 5751 1230 5806 iii
1245 5765 1325 5806 unam
1341 5759 1369 5804 et
1386 5746 1473 5803 solani
1487 5745 1649 5802 catholicam
1667 5752 1695 5799 et
1707 5740 1839 5814 apostoli-
