4059 6184
247 241 313 299 tlte
855 237 890 292 bi.
904 235 1042 293 attttettt
1063 235 1261 297 cesstobont

1752 208 1868 291 um

243 373 304 415 eorm
316 359 402 430 ipsum
415 357 511 414 lactum
522 355 798 424 carnemsompsisse
809 351 875 407 nibil
889 367 922 406 cr
938 350 1026 405 nobis.
1043 353 1065 410 Α
1080 364 1171 422 aperta
1183 354 1346 423 impudentia
1358 354 1528 422 predicabat,
1546 363 1574 407 et
1587 353 1682 407 ducem
1694 351 1869 421 secvenpsum

243 450 370 518 aliasque
383 449 510 519 plorirnas
523 456 550 502 et
563 448 656 502 inanes
682 445 785 501 iabulas
803 444 888 499 saeris
912 442 1028 512 promis·

243 541 362 595 sionibus
385 537 543 608 copulabat,
558 552 625 606 quas
641 539 667 591 iu
689 537 811 607 presenti
828 536 916 589 dicere
935 549 1030 603 super-

243 627 461 697 liuumjudieavi.
477 627 549 682 Talia
564 627 696 696 siquidem
714 626 759 681 ille
773 626 885 690 dicens,
901 639 955 679 ooo
980 639 1028 677 so·
1048 626 1054 633 '

243 722 296 776 ioan
311 736 374 775 suos
390 730 462 787 peste
475 722 631 790 complevit,
648 719 696 775 sed
719 722 800 775 etiam
824 716 955 787 quosdam
978 730 1028 769 no·

242 820 359 869 strorutu
372 809 434 865 iecit
447 809 598 879 liuiusnmdi
612 812 683 878 lepra
700 810 864 879 participari.
882 807 946 861 Post
961 821 1029 874 pao·

242 915 302 954 com
318 914 382 954 reru
398 908 512 969 tempus,
527 899 590 954 dnm
609 914 686 954 suurn
703 897 823 953 riderent
844 897 1028 966 opprobrium,

242 1001 268 1044 et
282 988 408 1045 Ecclesiae
430 987 591 1052 claritatem,
608 1003 676 1057 pene
697 987 785 1041 euirati
800 989 899 1041 reversi
915 995 986 1052 sont,
1002 995 1030 1040 el

242 1080 457 1132 communionem
469 1076 681 1133 ecclesiasticam
703 1078 841 1146 percipere
854 1085 1028 1139 meruerunt;

242 1180 396 1224 nontamen
412 1169 529 1237 priorem
541 1169 691 1237 deposuere
706 1168 870 1237 languorem,
884 1168 931 1224 sod
946 1168 1029 1235 magis

244 1260 562 1331 plurimoseonstantinm
584 1260 697 1313 latenter
711 1260 905 1314 sauciaverunt.
924 1258 962 1312 Es
978 1258 1029 1312 isac

242 1365 305 1420 crgo
329 1348 418 1405 radice
433 1350 459 1403 in
476 1348 603 1409 Ecclesiis
626 1348 785 1418 geranirravit
799 1364 851 1403 una
868 1349 959 1424 carnis
970 1347 1028 1403 dei·

1081 443 1198 498 ostendit
1215 448 1348 499 hereseos
1359 483 1367 510 ,
1378 455 1404 499 et
1427 443 1484 513 ipae
1498 444 1606 512 quidem
1622 443 1648 496 in
1665 441 1795 496 Laodicea
1808 455 1871 495 cre·

1083 531 1131 587 bro
1141 534 1306 590 minabatur.
1319 534 1347 589 ln
1359 533 1498 590 Antiochia
1514 548 1577 588 vcro
1587 531 1643 602 iam
1667 535 1741 601 prius
1756 531 1869 588 Vitaleru

1081 623 1261 699 ordinaverat,
1279 625 1331 679 vita
1343 623 1450 695 quidem
1463 623 1562 690 optima
1578 622 1745 688 decoratum,
1761 631 1789 677 et
1802 635 1869 688 apo·

1083 718 1185 771 stolicis
1200 716 1370 788 dogmatibus
1384 715 1530 772 etrutritum
1545 713 1608 786 ilde.
1621 712 1696 784 bgr..
1711 711 1869 777 cruditoml,

1082 818 1173 876 postea
1185 818 1273 863 emen
1285 809 1336 862 boc
1347 809 1473 878 larrgvrorc
1483 808 1668 877 purebctum.
1681 806 1764 863 Porro
1778 821 1869 862 sacra·

1081 899 1199 955 ti-simus
1213 900 1332 957 bloietins
1346 900 1487 955 Diodorum
1499 899 1574 955 illurn
1589 898 1729 970 cujuslam
1745 897 1870 955 utemini·

1086 1004 1156 1056 ntus,
1169 991 1214 1057 qni
1233 989 1285 1045 sub
1306 990 1355 1044 bac
1371 998 1529 1058 tempestato
1544 988 1623 1043 ninria
1639 987 1797 1057 asperrima,
1811 988 1867 1045 lic·

1081 1079 1172 1133 etesiae
1184 1094 1278 1134 narem
1291 1081 1351 1135 sine
1370 1079 1556 1134 submersione
1568 1088 1733 1144 servaverat,
1748 1078 1868 1135 Tarsen-

1080 1172 1149 1225 sionr
1163 1178 1298 1235 pastorem
1313 1169 1459 1235 constitnit,
1471 1169 1549 1237 eique
1563 1168 1664 1224 Ciliciae
1674 1168 1763 1238 gentis
1776 1184 1870 1225 ceram

1080 1260 1215 1315 commisit
1230 1278 1236 1314 :
1251 1259 1388 1329 bpamcie
1401 1275 1466 1314 vero
1479 1260 1655 1330 pontilicalom
1669 1274 1759 1316 caraea
1770 1257 1869 1315 loaurri

1080 1352 1171 1419 dedit;
1188 1354 1233 1423 qui
1242 1354 1309 1408 iicet
1322 1368 1423 1424 genere
1437 1369 1469 1408 ae
1483 1352 1622 1408 nobilitate
1636 1352 1762 1422 lulgebat,
1777 1359 1870 1406 tamen

244 1440 358 1510 talisque
375 1447 480 1505 nattora,
495 1450 523 1493 et
537 1447 566 1493 nt
586 1439 719 1494 divinitati
735 1436 868 1508 Unigeniti
882 1437 969 1508 passio
983 1452 1029 1493 eo·
1079 1444 1268 1512 progenitores
1291 1444 1408 1514 propriis
1436 1444 1579 1498 virtutibus
1609 1442 1766 1497 adornabat.
1793 1441 1869 1495 llnnc

243 1533 365 1599 pulcrum
378 1539 406 1586 et
429 1532 482 1584 alia
503 1545 669 1601 quecunque
685 1531 790 1600 populis
805 1540 831 1584 et
844 1528 1028 1584 sacerdotibus
1079 1545 1181 1602 ergoet
1196 1549 1287 1589 sermo
1300 1533 1444 1590 decorabat
1468 1542 1494 1589 et
1508 1534 1572 1588 vita.
1584 1532 1609 1587 ls
1632 1532 1721 1600 itaque
1746 1539 1868 1599 tempore

242 1622 388 1675 certamina
409 1629 570 1689 genuerunt.
591 1621 643 1676 Sed
658 1620 716 1676 bae
729 1619 836 1691 quidem
853 1630 944 1688 postea
959 1618 1027 1674 lacta
1081 1623 1250 1693 tempestatis
1264 1624 1435 1678 confidelium
1454 1638 1563 1677 suorum
1579 1636 1718 1676 numerum
1732 1621 1868 1690 goberna-

242 1724 313 1768 sunt.
329 1713 404 1768 'lunc
416 1713 496 1781 igitur
511 1714 635 1771 veniente
656 1713 759 1784 Sapore
772 1713 899 1782 magistro
914 1711 1026 1775 militie,
1043 1716 1130 1782 Brit,
1151 1727 1353 1786 cooperatorem
1370 1714 1471 1769 intans
1499 1712 1659 1769 laudabilem
1682 1710 1865 1782 Stephanum,

243 1814 269 1856 et
282 1802 439 1856 ostendente
462 1803 588 1873 principis
601 1803 696 1873 legem,
711 1803 837 1857 Paulinus
857 1800 965 1872 quidem
989 1800 1029 1856 ia·
1080 1822 1159 1878 quem
1178 1807 1375 1861 sacratissimus
1391 1807 1513 1862 liclclios
1527 1805 1626 1860 adalia
1651 1805 1798 1859 certamina
1819 1804 1864 1857 de·

243 1892 347 1946 rebatur
358 1906 387 1946 sc
399 1891 504 1946 barnasi
514 1906 574 1947 esse
585 1895 751 1962 participem.
764 1890 937 1947 promittebat
947 1890 1029 1947 etiam
1079 1898 1357 1956 artnsoiv,1laindnm
1372 1899 1525 1968 agnovisset
1541 1896 1734 1959 Germaniciam
1751 1893 1870 1949 Eardosir

243 1980 424 2049 Apollinaris,
441 1984 491 2036 boc
505 1982 564 2053 ipso
577 1983 702 2053 languore
715 1984 814 2037 elato.
828 1983 1030 2038 Sacratissinrus
1080 1998 1156 2057 peste
1165 1999 1320 2056 corruptam
1331 1985 1425 2054 ,bunc
1439 1987 1474 2043 ibi
1491 2000 1614 2054 tanquam
1637 1983 1865 2055 sapientissimum

242 2084 306 2123 vero
319 2070 440 2124 blelctius
454 2072 505 2126 sub
518 2073 609 2141 quiete
624 2071 862 2142 degens,ilinrum
883 2073 1030 2127 certamina
1080 2076 1212 2133 medicum
1240 2076 1393 2132 destinavit.
1424 2076 1488 2131 Erat
1517 2077 1588 2132 enim
1611 2075 1683 2130 omni
1710 2073 1864 2130 Grecornm

242 2160 387 2215 devitabat.
416 2159 500 2217 Porro
528 2159 669 2215 Flavianus
694 2162 908 2232 sapientissimus
924 2161 1031 2216 tunciu
1082 2167 1207 2221 doctrina
1232 2165 1335 2235 pierius,
1358 2175 1386 2221 et
1410 2165 1506 2219 divinia
1528 2164 1696 2235 dogmatibus
1721 2162 1865 2218 sarcinatus

242 2251 335 2306 ordine
359 2252 521 2323 presbyterii
544 2251 723 2317 constitutus,
740 2255 827 2322 primo
851 2251 958 2322 quidem
984 2265 1030 2306 se·
1080 2254 1146 2330 [lis.
1161 2255 1238 2326 ipe,
1250 2251 1406 2326 satanatud.
1417 2252 1595 2323 quarumnam
1610 2267 1659 2320 spe
1669 2267 1718 2306 sua
1728 2250 1866 2305 lraudatos

242 2343 335 2399 niente
345 2344 472 2413 magistro
484 2343 650 2409 nuilitunr‚ita
659 2341 692 2397 ad
705 2343 842 2399 Paulinum
854 2343 957 2399 locutus
967 2353 1029 2398 est:
1080 2358 1132 2400 non
1145 2356 1197 2400 est.
1209 2343 1279 2401 ilsus
1303 2359 1416 2413 namque
1431 2346 1500 2397 doun
1515 2343 1643 2415 spiritalis
1657 2343 1801 2407 doctriua,
1818 2343 1861 2394 ln-

244 2434 274 2490 St
288 2434 505 2489 communionem
518 2434 635 2501 Damasi,
649 2450 666 2490 o
679 2436 774 2500 anrice,
786 2437 906 2502 sectaris,
917 2436 1039 2495 ostende,
1080 2449 1129 2504 pras
1143 2435 1257 2489 arctavit
1270 2435 1295 2488 in
1308 2448 1384 2489 oves.
1402 2433 1486 2488 Porro
1497 2448 1608 2502 magnus
1626 2433 1756 2487 Eusebius
1767 2432 1800 2487 dc
1813 2447 1863 2487 ex·

244 2524 321 2579 nobis
347 2524 498 2595 dogmatum
527 2533 633 2580 tutrrttm
657 2534 750 2594 aperto
774 2525 958 2590 consortiom3
983 2526 1029 2580 ille
1079 2528 1141 2582 silio
1155 2541 1294 2592 remeans,
1311 2526 1435 2581 Acacium
1459 2538 1571 2580 svarome
1592 2523 1724 2578 claritatis
1737 2522 1821 2576 virum
1836 2525 1863 2575 in

243 2632 358 2687 nauaque
371 2618 433 2672 dour
445 2633 525 2673 urtam
539 2619 678 2675 Trinitatis
691 2619 864 2674 substantiam
875 2618 1027 2686 confltetur,
1081 2617 1175 2671 licrtua
1184 2614 1317 2671 ordinavit
1329 2615 1529 2686 episcopum,iu
1543 2612 1863 2684 llicrapoiilbeodotmm

245 2717 299 2763 tres
309 2707 494 2763 subsistentias
508 2707 635 2780 predicat
651 2710 679 2764 in
691 2718 797 2776 apert03
813 2715 997 2765 verumtamen
1012 2725 1028 2764 e
1079 2706 1157 2778 culus
1179 2706 1246 2763 mira
1261 2707 1431 2763 conversatio
1448 2706 1576 2762 bacteons
1591 2707 1763 2771 decantatur;
1781 2704 1821 2759 Eu
1834 2719 1864 2758 e·

242 2798 350 2853 diverso
360 2799 546 2859 subsistentias
562 2800 670 2869 perimis
684 2798 822 2854 Trinitatis
834 2817 841 2852 :
855 2798 969 2854 oswode
981 2797 1029 2853 ita-
1078 2797 1184 2854 biumin
1200 2798 1337 2871 Cbaioide,
1359 2799 1384 2853 in
1401 2796 1478 2870 'Cyro
1503 2807 1593 2852 nostra
1619 2797 1760 2853 isidorum.
1781 2797 1864 2854 stom

243 2907 296 2961 qve
320 2891 474 2961 dogmatum
497 2892 684 2960 concordiam,
700 2900 727 2948 st
750 2892 858 2959 suetos
880 2892 1027 2947 secundm
1078 2889 1151 2945 euim
1166 2891 1227 2959 quia
1239 2890 1320 2944 etiam
1333 2889 1488 2959 Eulogium,
1505 2889 1550 2958 qui
1565 2904 1614 2958 pro
1628 2889 1784 2957 apostolicis
1797 2888 1864 2957 dog·

171 2972 174 2977 ’
243 2980 536 3054 tegaseeclestasqtts.
553 2982 627 3053 ιιι,
642 2975 872 3052 secuudumle'ges
886 2981 1027 3038 ecclesias·
1079 2979 1460 3036 metibusiireratdccertatns
1477 2988 1507 3035 et
1524 2979 1550 3034 io
1566 2980 1752 3035 endnooemo
1767 2981 1862 3035 Proo-

244 3073 330 3146 tieasl.
345 3075 411 3129 cnm
432 3089 497 3145 ergo
512 3075 585 3128 illurn
608 3073 651 3127 lais
664 3074 833 3128 sennonilms
845 3074 1026 3145 oojrngasseq
1041 3079 1065 3142 c
1080 3086 1148 3141 gene
1162 3073 1261 3128 missus
1283 3071 1388 3135 exsilio,
1405 3070 1513 3127 Edessae
1535 3070 1683 3125 ordinasset
1696 3070 1859 3139 episcoprum.

242 3179 388 3220 conversos
399 3163 546 3232 spotlluart
561 3163 648 3219 dixit:
663 3164 788 3219 Admivor
802 3173 839 3232 te,
855 3165 977 3228 oamice,
989 3164 1029 3219 sic
1080 3164 1178 3219 Barscs
1187 3161 1259 3218 enim
1272 3162 1478 3227 memoremus,
1489 3160 1544 3230 jaer
1557 3161 1591 3216 de
1603 3161 1798 3229 praemittam
1811 3161 1863 3214 ιιιί-

242 3257 412 3324 impudenter
434 3256 538 3311 veritati
563 3255 782 3321 resistere,enm
805 3267 898 3325 aperte
921 3256 1028 3312 noveris
1077 3261 1211 3325 graverat.
1226 3253 1414 3309 Sanctusveao
1430 3253 1562 3309 Eusebius
1576 3253 1698 3308 ultimum
1707 3254 1860 3322 episcopans

242 3349 367 3416 aprroniam
396 3345 537 3401 laudabilis
554 3346 681 3402 Damasus
695 3346 812 3416 perlecto
836 3356 956 3402 naturam
980 3362 1030 3402 no·
1079 3345 1162 3402 llario
1182 3346 1330 3401 incivitate
1346 3345 1453 3400 [tolleba
1467 3344 1541 3399 lecit.
1563 3345 1625 3399 lltee
1639 3345 1712 3400 satim
1728 3343 1869 3412 pervasi·

243 3448 352 3492 strama
367 3436 422 3491 beo
434 3435 521 3490 Verbo
533 3435 599 3491 dicit
610 3446 791 3507 assnnrptam:
804 3446 831 3491 to
846 3452 910 3491 vero
922 3446 1029 3491 eontra·

243 3528 283 3580 ria
298 3525 417 3581 fatearis.
432 3527 546 3582 bieutom
572 3542 687 3599 namque
709 3536 829 3583 nostram
856 3528 944 3581 salute
958 3526 1029 3582 irau-

242 3618 302 3673 tlas.
312 3617 340 3674 Si
351 3625 439 3673 autem
455 3618 520 3674 lalse
532 3620 677 3688 loquimur,
691 3627 717 3673 te
733 3618 843 3674 iorsitau
854 3628 1026 3684 acescentem

243 3710 284 3765 rel
299 3725 370 3765 nune
391 3715 536 3766 novitatem
551 3727 566 3765 a
589 3720 615 3767 te
638 3720 727 3766 natam
753 3711 865 3778 denega,
879 3720 908 3765 et
923 3710 1028 3764 Damasi

244 3799 384 3869 ampiexus
407 3801 573 3866 doctrinam,
595 3808 695 3854 sectam
720 3797 826 3866 suscipe
847 3797 1028 3853 venerandam

242 3888 331 3961 ilias..
346 3899 420 3957 septa
435 3886 598 3957 veneranda]
614 3887 742 3943 veritatis.
757 3886 804 3942 llis
816 3887 904 3956 itaque
918 3888 1030 3941 rationi·

243 3981 293 4033 bus
317 3979 533 4047 sapientissimus
557 3979 700 4031 Flavianus
723 3977 829 4031 illorum
855 3976 977 4032 liduetam
991 3978 1027 4033 ita

242 4068 386 4138 redarguit.
403 4067 486 4122 Porro
499 4068 620 4122 bleictius
642 4067 760 4122 omniun
785 4069 1027 4135 mansuetissimus,

241 4156 359 4211 omnium
384 4156 619 4226 tranquillissimus
643 4168 723 4234 atque
749 4159 901 4226 modestos,
916 4159 1028 4216 Paulino

241 4247 307 4302 disit
321 4264 329 4302 a
345 4245 476 4313 Quoniam
489 4255 517 4302 et
526 4232 591 4302 mibi
603 4247 696 4303 barum
709 4252 798 4304 ovium
812 4265 902 4305 coram
916 4251 1028 4307 contori-

129 4326 140 4347 ·
241 4338 1027 4412 immmemmmmmmmmme

1079 3437 1146 3493 vitas
1159 3438 1294 3492 vesaniam
1307 3432 1374 3491 ¹tnnc
1397 3435 1550 3490 olcinucrat
1572 3434 1708 3490 brianum.
1725 3433 1775 3490 Ubi
1797 3438 1860 3489 dam

1079 3530 1235 3585 accessisset
1250 3527 1398 3595 Eusebius,
1413 3539 1442 3582 ut
1456 3528 1551 3594 blarirt,
1565 3528 1651 3582 virum
1674 3526 1795 3595 plurimis
1809 3527 1862 3581 vir.

1081 3622 1181 3676 tutibus
1204 3620 1371 3689 decoratum,
1395 3623 1421 3674 ia
1445 3620 1510 3674 sede
1534 3619 1679 3674 collocaret
1703 3619 1858 3687 episcopitii,

1079 3710 1200 3779 quadam
1214 3712 1310 3764 ntulier
1331 3711 1428 3764 briano
1445 3718 1519 3777 peste
1531 3711 1679 3777 completa.
1697 3707 1812 3777 tegulam
1826 3708 1862 3761 de

1080 3808 1150 3856 tecto
1171 3799 1288 3863 demisit,
1305 3815 1355 3870 qna
1371 3799 1429 3870 ejus
1443 3812 1522 3869 captat
1539 3799 1615 3854 saido
1639 3798 1860 3869 centuriamque

1080 3901 1140 3962 post
1167 3890 1301 3962 paululum
1314 3890 1347 3946 ad
1369 3892 1448 3945 vitam
1473 3891 1611 3946 mclii-rem
1626 3890 1659 3944 de
1674 3892 1723 3945 irae
1738 3891 1796 3945 lucc
1811 3908 1862 3943 arrr-

1081 3986 1176 4055 grarit.
1191 3984 1240 4051 Qui
1266 3984 1394 4051 moriens,
1423 3968 1570 4055 presentes
1595 3984 1769 4054 jorojnrnndo
1795 3997 1862 4035 eorr-

1079 4078 1188 4133 strinxit
1207 4088 1237 4133 ut
1249 4078 1284 4131 ab
1295 4092 1326 4133 ea
1338 4094 1397 4148 quae
1409 4079 1459 4133 boc
1473 4078 1580 4134 lecisset
1594 4078 1666 4133 intio
1676 4079 1756 4133 modo
1769 4090 1863 4144 picenae

1080 4169 1229 4238 exigerent,
1245 4169 1364 4225 inritatus
1380 4168 1519 4224 bouvinnm
1531 4184 1624 4234 suram,
1639 4170 1684 4238 qui
1698 4183 1746 4237 pro
1756 4166 1864 4222 crucili-

1079 4261 1203 4331 gentibus
1214 4260 1253 4315 ait
1267 4277 1274 4314 r
1293 4260 1382 4330 Peter,
1393 4262 1489 4315 dinaitte
1503 4262 1554 4329 cing
1565 4278 1616 4315 non
1626 4261 1693 4315 etaim
1705 4261 1787 4313 sciunt
1799 4257 1863 4327 qued

1081 4354 1179 4426 sacient
1194 4351 1269 4423 (bne.
1285 4367 1361 4418 satta,
1375 4354 1435 4422 st);
1451 4353 1529 4407 sirnnl
1544 4363 1571 4407 et
1582 4367 1738 4408 correervum
1755 4352 1854 4420 Saepta

241 4432 458 4499 sollicitudiuem,
474 4443 502 4491 ot
515 4435 681 4489 communica
693 4435 829 4491 alterutris
840 4437 891 4490 sub
902 4436 1026 4505 dogmate
1039 4454 1066 4514 Ι)
1078 4464 1151 4513 num,
1167 4447 1213 4518 qut
1225 4456 1285 4515 post
1298 4448 1394 4502 maritos
1409 4446 1525 4516 lapidum
1538 4447 1626 4517 iaetus
1641 4448 1772 4503 clamabat
1788 4466 1797 4503 a
1813 4445 1865 4499 lto·

241 4523 355 4588 obesos.
370 4527 515 4595 tangamus
539 4526 626 4581 amice
646 4541 757 4595 greges,
779 4535 807 4581 et
829 4526 967 4580 solvamus
986 4524 1021 4580 de

240 4617 382 4686 presulatu
389 4619 604 4675 contentionem:
614 4620 792 4673 communiter
800 4629 939 4687 pascentes
948 4632 1025 4684 ores,

240 4731 330 4772 curam
343 4732 434 4772 earum
447 4713 626 4771 communiter
648 4714 804 4793 nominos.
825 4713 855 4768 si
878 4723 967 4767 sotem
991 4714 1026 4767 de

239 4810 303 4866 sede
314 4819 449 4864 certamen
460 4816 513 4872 est,
527 4822 576 4877 ego
585 4807 667 4863 etiam
682 4806 752 4860 lratrc
762 4805 960 4884 contentionem
975 4820 1023 4860 co·

240 4901 321 4956 nabor
332 4900 477 4970 expellere.
489 4898 517 4954 lo
526 4898 702 4954 vedesaerem
714 4905 826 4966 ponatur
836 4893 1022 4965 Evarrgelium,

240 5003 266 5046 et
279 5007 312 5047 er
333 5002 444 5064 utraque
469 5007 518 5048 uos
541 5000 616 5060 parte
636 4988 789 5046 sedeamus.
814 4991 847 5045 iLt
869 4991 892 5045 si
915 4991 1022 5059 quidem

241 5082 315 5152 prius
325 5097 374 5153 ego
387 5084 528 5138 terminum
541 5082 603 5135 vite
616 5093 773 5148 suscepero,
789 5081 863 5135 solata
887 5083 942 5136 eris
954 5082 1025 5135 auti·

241 5180 311 5238 ttcs;
324 5175 347 5227 si
363 5186 427 5229 vcro
437 5174 487 5228 boe
503 5171 550 5227 tibi
566 5172 639 5240 prius
649 5173 778 5236 evenerit,
790 5186 840 5240 ego
854 5186 947 5228 rursus
961 5188 1025 5242 gre·

241 5264 281 5331 git
292 5263 395 5319 habebo
405 5280 506 5321 curant.
518 5263 585 5319 Crem
599 5263 656 5319 baec
669 5278 732 5333 ergo
741 5262 863 5319 bielctius
874 5279 934 5318 eum
949 5264 1022 5318 ononi

243 5338 443 5409 anansnctndine
458 5354 627 5423 protulisset,
645 5355 770 5409 Paulinus
784 5356 957 5424 acquiescere
971 5372 1024 5410 troo

240 5445 385 5500 consensit.
405 5445 480 5501 'lirim
492 5447 618 5514 magister
629 5447 739 5511 militiae,
752 5448 836 5516 judex
850 5460 1025 5519 utrorumque

241 5534 392 5601 verborum,
406 5537 533 5592 ccclesias
548 5538 652 5594 bleietio
663 5538 780 5594 tradidit.
794 5539 922 5595 Paulinus
933 5554 1023 5596 aretem

1078 4539 1156 4603 raiae,
1172 4554 1203 4592 ne
1216 4539 1251 4592 eis
1263 4547 1361 4592 sttrtnos
1373 4537 1421 4591 boe
1443 4548 1571 4605 moratam
1585 4537 1654 4609 (Aet.
1670 4553 1719 4600 vn,
1733 4538 1789 4607 59).
1807 4540 1865 4593 ilue

1079 4644 1143 4701 crgo
1157 4630 1236 4684 modo
1249 4643 1361 4700 magona
1382 4629 1513 4685 Errsebius
1538 4641 1580 4686 est
1602 4629 1752 4684 deiuvrctus.
1771 4629 1802 4684 Et
1818 4625 1868 4698 qod

1078 4720 1200 4775 'ltrracie
1214 4719 1344 4777 barbaros
1366 4718 1484 4785 evitavit,
1502 4719 1643 4789 impiorum
1677 4719 1866 4774 trsretcnorn

1080 4824 1175 4866 manus
1188 4810 1325 4865 declinare
1340 4826 1392 4864 non
1409 4815 1509 4877 potuit;
1524 4809 1571 4864 sed
1588 4810 1708 4880 strartyrii
1731 4824 1864 4863 corenam

1078 4900 1184 4957 illorum
1198 4900 1335 4957 lerocitnte
1348 4902 1475 4966 suscepit.
1491 4901 1552 4956 llaec
1566 4915 1629 4968 orgo
1641 4911 1715 4970 gista
1726 4909 1788 4954 snm
1803 4906 1867 4969 post

1078 4991 1258 5047 reversionem
1288 4991 1486 5060 episcoporum.
1514 4992 1727 5054 i'usooonsrcs.
1753 4990 1800 5043 lib.
1824 5006 1863 5057 r,

1077 5096 1135 5151 sep.
1152 5079 1179 5135 5.
1195 5080 1266 5136 Edit.
1276 5079 1369 5135 Cariae
1385 5079 1472 5135 Voles.
1490 5096 1551 5151 cop.
1565 5079 1619 5135 iet
1630 5079 1657 5145 ὅ,
1669 5098 1697 5149 p.
1709 5060 1771 5136 eon,

1334 5211 1602 5285 efflwmm

1077 5308 1116 5362 lle
1125 5307 1260 5361 Theodosii
1269 5309 1375 5372 ductito,
1387 5318 1409 5360 et
1417 5306 1543 5374 qaornodo
1552 5322 1568 5358 e
1577 5302 1702 5359 Gratiano
1711 5306 1867 5364 imperatore

1110 5380 1187 5446 feerit
1209 5381 1355 5438 ordinatas.
1369 5379 1439 5432 etad
1461 5378 1590 5431 Orientale
1603 5377 1695 5430 niens
1715 5375 1865 5446 insperiarts,

1111 5447 1260 5503 orthodoxia
1270 5450 1403 5519 profuerit,
1416 5460 1438 5502 et
1453 5447 1582 5501 retruserit
1597 5444 1737 5500 beronem.

1112 5541 1195 5595 Porro
1209 5539 1351 5595 Gratianus
1377 5540 1516 5595 Tlrraciam
1540 5539 1667 5592 barbaros
1687 5548 1788 5592 vastare
1810 5554 1864 5590 cn-

241 5623 350 5679 aliarom
361 5627 450 5681 uriom
463 5629 608 5694 permansit
618 5630 739 5684 antistes.
754 5630 849 5684 lerum
864 5632 1024 5697 Apicilinaris
1074 5645 1214 5702 gnosccns,
1231 5629 1307 5683 ltalia
1329 5614 1470 5695 relictam
1493 5627 1646 5684 Pboeniccor
1662 5626 1724 5701 [Ed.
1741 5624 1822 5683 leot.
1836 5635 1861 5678 rt

242 5716 382 5780 verulam
394 5718 520 5776 Ecclesia·
531 5723 655 5788 nudatus,
670 5731 814 5779 unvrlatena
828 5723 956 5793 doctrinar
967 5740 1023 5781 sete
1077 5724 1150 5791 nlo,
1164 5722 1297 5777 Paeoniam
1309 5721 1349 5776 vei
1361 5716 1628 5792 cariironnnlventc
1652 5720 1690 5774 Ea
1704 5729 1862 5789 terrrpastste
