4059 6184
164 235 219 294 ιιι
793 229 1095 290 timentitibus
1115 230 1181 286 titt.
1755 236 1808 296 tte

451 345 617 404 nulsione
633 346 678 403 ιιι.
921 357 923 362 ·
975 345 1057 409 Auis
1070 345 1235 417 impendere,
1250 354 1280 403 ut
1293 355 1321 405 et
1334 347 1413 405 nobis
1431 348 1605 418 regnantibus
1619 349 1749 411 bonarcun
1763 372 1809 415 re.

162 452 301 497 oemststs
312 450 426 495 somna
438 453 490 493 esa
503 453 614 493 urserunt
628 453 663 494 ss
682 450 833 493 eaustus
851 450 961 494 consert-
1013 450 1074 491 rum
1087 435 1190 492 tructus
1203 434 1373 494 dulcissimos
1382 435 1511 505 alienatis,
1526 439 1574 511 qui
1587 440 1637 497 sub
1647 444 1747 502 nostris
1761 461 1810 516 pa·

378 523 458 565 '⁰¹¹⁸
478 524 663 564 ¹¹⁸¹ii¹¹¹¹³⁰⁸
682 523 746 564 ¹¹⁶¹·
1013 530 1135 588 rentibus
1148 532 1258 603 copiosa
1273 533 1401 589 virtutum
1415 528 1497 591 laude
1511 534 1649 595 lloruistis.

162 620 264 679 Scribit
275 637 303 678 se
322 617 465 677 Gothorum
478 618 704 693 Romanorumque
726 627 891 674 sacramento
904 634 962 744 fert:
1008 633 1011 640 ’

197 692 341 747 mamnsine
356 689 443 762 adepti
458 691 531 763 regni
547 693 699 763 suscepisse,
714 699 739 745 et
750 692 814 761 petit
828 697 856 743 ut
872 705 902 743 eu
1289 663 1458 722 EPlSTOLA
1476 665 1522 724 Ἦ·

199 772 333 835 meme,
1059 769 1164 810 mnmuo
1178 770 1323 811 rnsrccro
1336 771 1488 813 crusinam
1502 775 1685 817 cruentemus
1699 776 1761 819 ner.

200 870 366 928 llooorabile
379 869 516 928 credimus
530 868 650 927 indicare
664 869 737 940 quod
752 868 823 926 lama
837 868 963 942 potuistis
1014 845 1157 903 R‘W'i‘f‘i‘
1176 865 1204 904 'i
1221 847 1424 931 ,fisi'wdfflm’
1440 851 1500 905 ‘sim
1515 853 1599 907 “40⁸⁶
1612 853 1714 921 momen,
1729 872 1809 939 '²99⁰

161 973 235 1021 teste
247 978 424 1036 cognoscere.
438 960 504 1019 lure
524 963 657 1032 siquidem
674 962 709 1019 de
722 977 752 1019 se
766 963 836 1018 bene
849 962 964 1018 arbitra·
1047 920 1192 1059 mma}
1204 917 1811 1067 afflgimffl‘mfflwffl

160 1058 238 1113 bitur
260 1055 436 1125 animatum,
449 1054 496 1126 qui
511 1055 615 1125 regium
639 1064 760 1110 meretur
787 1054 937 1125 alloquium
953 1071 961 1108 c
1049 1068 1141 1112 sonem
1156 1059 1182 1112 in
1195 1054 1288 1113 Galliis
1303 1059 1362 1116 iilos
1374 1060 1516 1115 insitennsr.

156 1149 227 1219 qnia
243 1147 360 1217 dignitas
372 1155 415 1204 est
428 1147 542 1217 subjecti
565 1145 662 1203 aliatus
676 1147 808 1204 meruisse
821 1146 965 1203 dominan-
1048 1147 1156 1204 Scimus
1169 1147 1288 1205 animum
1298 1155 1419 1204 restrum
1432 1148 1469 1205 de
1482 1149 1559 1207 obitu
1571 1153 1695 1223 gloriosse
1706 1168 1811 1213 memo·

159 1239 211 1308 tis,
223 1238 252 1293 in
265 1252 298 1294 ea
313 1233 462 1309 praese'rtim
476 1252 559 1295 causa
572 1238 599 1295 in
615 1253 668 1310 qus
681 1239 802 1295 omnium
816 1238 900 1294 corda
923 1237 964 1294 sic
1013 1237 1060 1293 riae
1073 1236 1165 1293 domni
1188 1238 1232 1294 avi
1259 1238 1346 1294 nostri
1364 1239 1466 1297 acerbo
1488 1239 1583 1299 dolore
1608 1241 1726 1316 fatigari,
1745 1245 1810 1303 dum

159 1328 501 1400 ridentnrsssesollicita,
516 1329 583 1386 utsi
602 1344 659 1386 non
672 1337 963 1401 cognoscantprospe·
1013 1328 1105 1386 omnia
1130 1329 1202 1385 bona
1227 1328 1347 1399 graviter
1360 1328 1509 1387 debeantur
1526 1332 1635 1391 annm.
1652 1333 1716 1392 Plus
1738 1338 1811 1393 eninr

161 1436 237 1486 rum,
253 1420 366 1478 credam
377 1436 486 1493 semper
499 1420 653 1477 adversum.
676 1420 744 1477 liam
758 1422 804 1494 qni
818 1421 893 1477 audit
905 1436 965 1477 mu·
1013 1418 1137 1488 queritur
1150 1416 1247 1491 liidie,
1258 1416 1408 1491 queriturl,
1419 1419 1484 1476 dum
1504 1420 1630 1478 dominus
1643 1422 1811 1484 desiderabi-

162 1521 264 1579 tatum,
276 1527 375 1569 nurum
387 1511 563 1569 nihilominus
573 1510 701 1568 formidat
711 1511 865 1583 imperium.
877 1509 911 1566 Et
920 1525 965 1567 re-
1013 1508 1049 1566 lis
1059 1508 1215 1578 abrogatur.
1229 1506 1346 1580 Eupolis
1358 1517 1450 1565 autem
1461 1511 1553 1567 studio
1566 1513 1673 1584 pietatis
1683 1512 1811 1574 afflictam

161 1619 231 1661 uera
242 1605 408 1676 nescioquid
433 1604 512 1663 triste
531 1604 652 1662 creditur
672 1605 804 1675 cogitare,
818 1604 864 1676 qui
877 1603 965 1660 tardat
1014 1607 1136 1656 mentem
1157 1599 1360 1672 compensativo
1383 1600 1505 1659 remedio
1523 1602 1670 1674 comensi,
1691 1607 1811 1677 quisuis

163 1697 240 1753 inter
250 1697 324 1752 initia
335 1697 451 1767 benigna
464 1697 632 1770 promittere.
646 1695 818 1769 Quapropter
829 1697 919 1754 locum
930 1697 965 1755 si·
978 1712 1003 1774 B
1015 1694 1132 1752 sentitur
1151 1694 1279 1761 amissus,
1301 1693 1345 1751 cui
1364 1710 1420 1751 non
1443 1696 1565 1753 succedit
1584 1704 1740 1757 extraneus.
1766 1699 1813 1761 Sic

164 1787 261 1844 sistris
271 1787 479 1858 cogitationibus
488 1795 670 1859 amputantes,
682 1786 760 1844 aliter
776 1787 810 1844 de
819 1788 898 1844 nobis
911 1803 966 1845 non
1015 1785 1099 1852 enim,
1120 1784 1177 1841 lieo
1190 1783 1242 1841 sibi
1264 1784 1426 1854 imperante,
1441 1784 1592 1859 prospexit,
1619 1785 1683 1844 duur
1701 1797 1773 1847 essm
1784 1799 1814 1848 et

165 1881 289 1953 patimur
298 1880 372 1936 credi
385 1894 467 1951 quam
476 1880 549 1952 quod
558 1878 593 1935 de
599 1878 700 1935 nostris
712 1878 803 1951 potuit
811 1878 967 1950 parentibus
1015 1885 1079 1951 post
1090 1876 1147 1933 iata
1165 1876 1306 1949 providus,
1328 1884 1359 1933 ut
1382 1876 1539 1948 regionibus
1551 1880 1607 1938 suis
1619 1895 1714 1952 pacem
1728 1884 1813 1942 reliu·

165 1968 306 2024 aestimari.
315 1967 348 2023 Et
359 1968 433 2037 ideo,
443 1968 515 2041 quod
525 1966 671 2024 Divinitate
679 1967 795 2039 propitia
806 1967 908 2024 dictim
917 1969 966 2041 sit,
1016 1975 1122 2042 queret,
1146 1983 1182 2025 ne
1192 1968 1284 2041 aliqua
1303 1968 1411 2025 nonnas
1423 1968 1516 2040 quiem
1529 1970 1662 2029 turbaret
1675 1972 1705 2030 ln
1719 1976 1814 2033 sellam

166 2058 288 2128 glorioso
301 2056 402 2114 domno
417 2065 574 2115 anunostro
598 2056 714 2114 ielicitcr
734 2058 889 2125 ordinante,
909 2065 966 2114 tam
1016 2062 1146 2134 segniam
1159 2076 1210 2119 nos
1221 2060 1348 2118 dominos
1360 2059 1815 2139 conorarimqnatenmdecmge.

166 2146 968 2220 Gothorumqnanrltomanorumpraeseutintnpromunimi-
1016 2153 1100 2222 neris
1114 2151 1191 2224 quod
1211 2151 1240 2208 ln
1262 2150 1310 2207 illo
1333 2147 1435 2218 duruit,
1448 2150 1477 2207 in
1498 2166 1671 2211 successores
1690 2157 1815 2226 protinus

167 2255 204 2298 ne
214 2241 317 2312 indepti
331 2238 394 2315 [ds.
407 2240 453 2307 A„
469 2240 591 2314 inempti]
605 2239 680 2311 regni
690 2249 858 2300 sacramenta
872 2256 966 2299 susce-
1016 2242 1115 2316 aquali
1135 2243 1195 2300 luce
1209 2242 1336 2301 radiaret.
1353 2244 1403 2302 Cui
1414 2246 1579 2303 ordinationi
1591 2246 1744 2306 Gothorum
1757 2250 1816 2308 lio·

171 2335 271 2407 pimus,
292 2331 366 2404 guod
379 2347 428 2389 ros
441 2346 550 2404 quoque
569 2332 689 2389 tacturos
709 2346 771 2389 esse
790 2332 967 2390 libentissime
1016 2346 1214 2405 manorumque
1226 2333 1361 2392 desideria
1374 2346 1570 2404 convenerunt,
1581 2337 1617 2393 lta
1630 2338 1720 2395 utsub
1731 2340 1815 2411 iuris·

165 2426 333 2498 indiesmus3
346 2425 428 2498 utqui
443 2422 536 2482 lideles
546 2424 703 2496 parentibus
709 2424 808 2482 nostris
814 2424 965 2491 exstitistis,
1015 2421 1123 2495 iurandi
1142 2424 1274 2496 refigiom
1286 2426 1477 2497 promitterent
1488 2425 1568 2484 ddem
1578 2442 1609 2487 se
1620 2443 1705 2499 regno
1720 2438 1814 2489 nostro

168 2521 371 2591 nobiscunque
385 2514 881 2588 similidevotionepareatissuarius
894 2515 967 2572 esritu
1017 2514 1119 2582 denoto
1128 2517 1220 2575 animo
1230 2526 1396 2576 servaturos.
1408 2518 1489 2588 Quod
1508 2519 1543 2577 sd
1556 2520 1669 2579 illustris
1680 2525 1815 2594 maguitu-
1882 2551 1887 2561 ·

168 2614 258 2684 diligit
271 2613 417 2678 heredem,
432 2611 479 2684 qui
494 2610 688 2667 benellciorum
700 2605 860 2666 recordatur
872 2616 967 2666 aucto·
1017 2606 1088 2664 dinis
1101 2615 1199 2664 sesua
1212 2608 1336 2665 notitiam
1364 2609 1499 2668 credimus
1512 2610 1712 2683 perferendum,
1731 2609 1763 2668 itt
1780 2613 1815 2670 ab

168 2720 238 2763 reru.
253 2703 350 2762 Sedut
361 2704 440 2761 robis
451 2702 648 2760 benevolentis
658 2709 757 2758 nostres
768 2700 824 2772 jam
838 2716 912 2761 nunc
925 2701 967 2757 in-
1018 2698 1062 2756 lrls
1075 2699 1122 2771 qui
1135 2700 1164 2756 in
1184 2698 1279 2758 Galliis
1299 2714 1385 2772 regno
1398 2701 1508 2773 pietatis
1522 2711 1622 2760 nostras
1640 2702 1732 2760 deuoti
1751 2713 1816 2761 sumt

169 2796 283 2867 tegritas
296 2796 459 2860 innotescat,
476 2791 654 2866 jurisjurandi
668 2792 745 2850 uobis
767 2791 880 2850 lecimus
903 2792 968 2850 reli·
1018 2791 1108 2851 simile
1120 2791 1275 2865 prolemtur
1284 2793 1439 2866 exemplum
1449 2811 1457 2862 ;
1468 2802 1497 2851 et
1509 2793 1694 2852 sicutenimos
1706 2801 1816 2851 nostros

169 2889 252 2960 giem
265 2889 385 2960 promitti
395 2888 468 2959 quod
478 2897 508 2945 et
517 2894 639 2944 nostrum
653 2886 738 2958 possit
748 2885 888 2943 declarare
900 2900 966 2959 pru·
1018 2884 1091 2944 eirea
1103 2899 1134 2941 se
1148 2884 1267 2941 minores
1276 2899 1331 2941 non
1342 2885 1497 2943 desiderant
1506 2882 1588 2954 ellici,
1600 2884 1639 2943 lta
1648 2885 1707 2957 pari
1719 2884 1816 2943 condi·

169 2979 544 3054 posinunetspendebeac
557 2977 663 3036 munire
676 2985 847 3034 cunctorum.
1019 2978 1251 3048 tioneteneantur
1261 2976 1375 3035 astricti.

455 3107 621 3166 nurerum
635 3108 670 3167 n.
983 3095 1007 3160 c
1256 3111 1334 3184 12⁷
1347 3108 1581 3169 nonnosum

170 3219 592 3264 mmml'l'dbld!
605 3214 778 3259 consulturis
787 3214 970 3257 l‘l'mssifflfl
1022 3217 1158 3261 amussis
1184 3217 1398 3259 nuvmcttttette
1424 3218 1476 3259 PER
1504 3217 1620 3260 stultu
1646 3215 1818 3260 ωιΰϊιῖιιῒῦ

537 3289 603 3330 REX·
1288 3288 1473 3330 srmbtutctts
1485 3289 1550 3329 ffl-

171 3384 315 3458 siqnifiem
324 3401 361 3451 u,
375 3382 535 3440 Theoderico
545 3383 631 3438 nam
640 3382 786 3453 sepefane,
798 3382 913 3437 mserum
924 3398 970 3437 ω.
1021 3367 1152 3426 Hortatur
1164 3377 1195 3451 st
1205 3364 1283 3423 Gotii
1296 3365 1434 3435 Romanis,
1444 3365 1593 3451 etliomoni
1604 3365 1695 3424 Gotiis
1706 3366 1820 3424 uicissim

207 3463 344 3510 mamertia
361 3456 390 3509 in
412 3456 485 3527 regio
498 3455 600 3509 sinitote
620 3455 757 3523 recepisse,
776 3460 802 3508 et
811 3452 930 3506 bortatur
942 3461 972 3507 stt
1180 3446 1271 3510 imm
1284 3454 1313 3493 ιθ
1325 3437 1405 3508 fidem
1419 3453 1473 3509 rest
1486 3447 1657 3508 moesssmms.

207 3541 299 3581 mm
309 3524 454 3594 militm
463 3532 615 3597 “initium
629 3539 676 3577 ιιι
688 3538 741 3577 '¹⁰¹¹
754 3538 801 3592 W
812 3522 971 3577 comitemiis
1058 3526 1136 3585 Licet
1149 3527 1274 3599 gloriosus
1292 3527 1431 3583 memorise
1443 3527 1536 3583 domni
1549 3528 1592 3582 ari
1607 3527 1692 3583 nostri
1706 3543 1756 3599 pro
1769 3541 1819 3583 ex·

207 3596 366 3667 ‘imm
380 3603 543 3650 mmmmm
556 3592 764 3666 fidm⁸i⁰'¹‘¹‘¹·
1023 3616 1182 3675 cellentibus
1204 3616 1308 3673 meritis
1331 3615 1416 3672 tristis
1440 3614 1517 3673 nobis
1542 3613 1667 3673 videatur
1689 3631 1820 3685 occasm,

207 3704 397 3762 voluissemus
406 3703 515 3777 quidem
528 3701 621 3759 domni
631 3702 675 3758 nvi
690 3701 775 3758 nostri
789 3699 919 3772 longaevae
932 3701 974 3758 ri·
1023 3719 1126 3775 nmen,
1150 3706 1214 3778 quia
1238 3706 1284 3764 ille
1306 3707 1425 3764 lcumena
1449 3705 1605 3764 conditione
1624 3706 1763 3776 decubuit,
1785 3705 1821 3762 ad

173 3810 209 3855 ιω
232 3796 329 3870 gaudia
343 3797 469 3853 nuntiare
484 3812 491 3850 :
506 3794 695 3866 sedquoniam
721 3794 893 3865 diligentibus
905 3795 973 3852 dura
1024 3799 1236 3860 continuandam
1250 3799 1474 3871 gubernationem
1488 3814 1568 3870 quam
1584 3799 1755 3870 singulariter
1764 3813 1823 3869 ges·

173 3889 496 3948 ωῐιᾶῐῑιθιθιΰιῑιιθῑιιι
507 3898 559 3958 δι’
569 3902 619 3943 ¹¹⁰⁸
632 3886 752 3943 haeietlfls
764 3886 839 3956 regni
853 3887 905 3954 ιιι,
916 3886 974 3943 1)θο
1024 3902 1098 3953 serat
1110 3908 1161 3951 nos
1173 3892 1299 3965 reliquit;
1314 3907 1350 3949 ne
1362 3891 1490 3948 damnum
1509 3892 1574 3949 boni
1592 3892 1721 3964 principis
1737 3892 1824 3948 sentl·

173 3981 226 4039 sibi
241 3981 404 4052 imperante,
419 3977 567 4044 substituit,
583 3985 614 4032 nt
638 3977 813 4033 successione
835 3977 974 4048 sanguinis
1024 3986 1102 4053 meis,
1115 3985 1194 4056 cujus
1207 3984 1285 4042 robis
1299 3983 1422 4041 noscitur
1433 3997 1548 4054 regnare
1559 3985 1712 4055 progenies.
1728 3981 1823 4041 Nullus

173 4074 217 4132 sui
226 4070 359 4128 bmcdcia
369 4070 469 4127 robisa
483 4084 513 4127 sc
523 4067 633 4138 collata,
643 4065 745 4124 lacerm
758 4082 819 4124 esse
831 4077 974 4140 perpetua,
1026 4075 1099 4133 enim
1109 4074 1182 4147 apud
1195 4089 1245 4132 nos
1257 4073 1356 4145 perdit,
1369 4072 1443 4146 quod
1455 4073 1530 4148 [Adde
1541 4071 1599 4145 quii
1609 4073 1648 4130 illi
1658 4073 1763 4146 passim
1774 4071 1824 4131 sed

174 4166 241 4221 dmu
256 4179 308 4220 nos
318 4163 362 4220 illa
383 4170 412 4219 et
434 4175 533 4232 augere
547 4161 657 4218 ettueri
669 4160 864 4232 cupimusque
878 4161 913 4217 ab
926 4161 975 4217 illo
1027 4163 1128 4235 duplici
1139 4163 1264 4234 largitate
1273 4164 1392 4221 munilici
1406 4171 1435 4221 et
1449 4164 1521 4221 illius
1534 4164 1624 4221 debita
1637 4163 1785 4229 reddimus,
1796 4170 1825 4221 et

175 4258 248 4313 taeta
262 4271 324 4313 esse
335 4254 535 4326 cognoscimus.
557 4251 641 4324 Cujus
660 4251 824 4309 ordinationi
838 4251 928 4309 adbuc
941 4267 976 4310 eo
1029 4252 1127 4310 luturis
1145 4253 1283 4325 obsequiis
1304 4253 1437 4312 beneticia
1460 4251 1578 4323 ingenita
1596 4255 1697 4326 pietate
1715 4265 1825 4312 mutua·

175 4349 326 4421 superstite
339 4349 367 4406 in
381 4347 456 4419 regia
475 4346 585 4403 ciuitate
605 4346 642 4401 ita
655 4345 818 4402 sacramenti
832 4345 977 4416 interposi·
1028 4358 1099 4399 snus.
1120 4342 1210 4415 Atque
1228 4342 1290 4401 ideo
1313 4344 1394 4401 tidem
1417 4345 1559 4416 pristinam
1579 4344 1673 4415 melori
1692 4361 1763 4402 nunc
1776 4361 1826 4402 nos

176 4443 253 4497 done
262 4448 423 4496 cunctorum
437 4445 499 4494 nota
511 4436 615 4493 sociata
626 4442 700 4501 sunt,
713 4442 744 4491 ut
757 4450 839 4491 unum
849 4434 978 4493 crederes
1029 4434 1158 4491 conuenit
1176 4433 1322 4492 devotione
1342 4442 1505 4499 monstrare.
1524 4436 1588 4505 qula
1605 4434 1676 4491 bene
1695 4436 1827 4508 prospicit

177 4532 350 4607 promittere,
364 4519 438 4603 qnod
452 4528 616 4603 generalitas
633 4526 776 4585 videbatur
795 4534 901 4599 optare.
917 4525 978 4585 llos
1029 4525 1110 4582 rebus
1132 4523 1240 4593 luturis,
1261 4525 1307 4598 qui
1330 4513 1502 4595 regnintium
1524 4525 1609 4582 servit
1632 4526 1714 4583 initiis
1735 4545 1743 4583 ε
1762 4527 1826 4585 dum

178 4639 229 4682 ros
237 4630 384 4695 mouentes
395 4620 559 4694 exemplum,
570 4619 630 4692 pari
643 4618 788 4676 devotione
796 4618 929 4690 peragite,
943 4632 978 4675 ne
1030 4616 1089 4690 ipse
1100 4622 1128 4672 et
1140 4616 1168 4672 in
1181 4615 1317 4686 reliquum
1328 4630 1505 4688 perseuerare
1516 4616 1643 4686 creditur,
1658 4618 1703 4691 qui
1714 4619 1830 4690 primor-

177 4716 245 4789 quid
259 4732 275 4771 s
289 4714 466 4788 presentibus
487 4712 576 4769 minus
597 4710 696 4769 iecisse
710 4708 867 4775 rideamini,
888 4708 979 4782 aqui·
1030 4707 1074 4766 dia
1088 4707 1181 4767 lovere
1194 4707 1320 4765 sentim
1339 4706 1492 4765 indicemus
1510 4717 1611 4775 autem,
1630 4708 1724 4767 lavore
1736 4709 1828 4765 dirim

178 4811 232 4867 boa
257 4808 378 4867 creditur
402 4815 491 4865 totum
509 4805 635 4862 similiter
654 4802 888 4876 posseoompleris
901 4800 979 4859 llluns
1031 4812 1094 4855 cum
1113 4797 1147 4854 sd
1168 4797 1245 4867 regni
1263 4796 1383 4855 cumina
1406 4798 1619 4870 perveniremus,
1641 4800 1731 4855 omnia
1751 4797 1830 4852 nobis

178 4917 250 4959 nero
264 4900 395 4957 comitem
411 4897 488 4955 robis
498 4895 610 4954 lecimus
617 4895 707 4967 jurata
721 4908 788 4950 voce
803 4893 978 4965 promittere;
1032 4890 1074 4947 sic
1084 4887 1186 4957 felicia,
1199 4889 1239 4946 sic
1253 4887 1397 4960 tranquilla
1408 4888 1535 4955 cessisse,
1549 4897 1580 4945 ut
1592 4903 1674 4944 unum
1685 4886 1759 4957 loqui
1769 4899 1831 4943 cre·

183 5001 213 5051 st
225 4993 297 5050 sicut
309 4990 388 5048 nobis
400 4997 520 5047 restrum
534 4987 653 5045 animum
667 4983 843 5042 devotissime
855 4983 980 5056 proditis,
1034 4983 1114 5041 dores
1126 4981 1200 5054 quud
1212 4981 1379 5053 generalitas
1390 4981 1543 5048 insonabat,
1557 4995 1608 5038 nec
1623 4987 1764 5052 putaretur
1776 4980 1829 5034 bn-

179 5083 489 5158 sicoptstsdenostris
501 5082 625 5141 sensibus
644 5077 769 5137 audiatis.
790 5076 913 5148 Recipite
926 5074 980 5132 ita·
1035 5089 1145 5130 manum
1164 5071 1238 5144 quod
1264 5080 1305 5129 tot
1327 5084 1391 5129 nota
1413 5072 1561 5142 ingentium
1583 5070 1744 5142 populorum
1764 5070 1831 5126 nibil

179 5191 238 5248 que
252 5191 414 5249 prosperum
433 5174 511 5231 robis
524 5189 632 5247 semper
644 5187 753 5239 nomeu,
767 5169 923 5226 Amalorum
936 5182 982 5224 re-
1035 5164 1150 5237 probata
1168 5171 1231 5219 sunt
1250 5162 1351 5219 babere
1368 5160 1542 5219 eontrarium.
1562 5157 1640 5216 Unde
1658 5173 1705 5216 vos
1722 5174 1831 5232 guouua

180 5269 274 5341 meur
288 5270 454 5342 prosapiem,
467 5268 600 5325 blatteum
613 5279 737 5337 germen,
762 5258 903 5318 infantiam
919 5274 982 5330 pnr-
1036 5254 1163 5329 predicta
1182 5254 1310 5311 convenit
1331 5252 1442 5319 imitari,
1462 5261 1493 5308 ut
1511 5250 1591 5308 Gotbi
1614 5250 1744 5310 Romanis
1761 5267 1831 5323 pras·

183 5370 322 5433 perstant,
336 5375 387 5431 per
399 5374 479 5431 quos,
491 5358 549 5418 lieo
560 5357 683 5428 iuuante,
698 5358 827 5426 parentes
836 5349 922 5406 nostri
935 5347 982 5405 de·
1036 5345 1119 5402 beant
1138 5343 1338 5416 iusiurandum,
1356 5351 1386 5400 et
1407 5342 1521 5399 Romani
1541 5340 1640 5399 Gotbis
1661 5350 1833 5398 sacramento

182 5461 281 5511 center
303 5452 392 5510 erecti
405 5459 481 5521 sunt,
494 5462 524 5508 et
545 5450 617 5507 inter
630 5456 685 5504 tam
704 5444 839 5518 prolixum
862 5440 985 5501 ordinem
1036 5435 1238 5496 mnilrmeotse
1251 5436 1414 5493 unanimiter
1426 5447 1512 5504 regno
1526 5442 1620 5492 nostm
1632 5449 1693 5491 esse
1707 5432 1831 5501 devotos,

182 5557 283 5615 regum
308 5551 486 5615 susceperunt
509 5557 618 5612 semper
643 5546 828 5611 angmentum.
843 5533 984 5593 Credimus
1036 5535 1171 5601 quatenus
1182 5537 1211 5586 et
1222 5528 1301 5586 nobis
1313 5536 1402 5584 vestra
1417 5525 1560 5584 sinceritas
1574 5525 1742 5584 laudabiliter
1755 5526 1834 5582 iuno·

183 5632 262 5689 euun
274 5630 311 5688 de
323 5630 468 5689 birinitste
480 5629 608 5705 pmpltia,
620 5644 681 5704 qun
694 5628 813 5700 majores
824 5632 933 5683 nostros
945 5621 987 5680 di·
1038 5628 1136 5692 tesmt,
1151 5631 1180 5681 et
1192 5620 1228 5679 ad
1240 5619 1360 5691 quietem
1374 5628 1492 5680 vestrm
1506 5619 1629 5693 pmllciat
1640 5619 1755 5676 inuicem
1769 5631 1835 5689 pro·

183 5730 307 5796 mter
319 5720 431 5797 adiurit,
450 5737 522 5783 nune
532 5735 642 5796 qnoque
654 5721 768 5796 gratiam
782 5733 839 5782 suas
852 5716 989 5792 dignatio-
1038 5718 1123 5781 misse
1143 5718 1300 5787 eoncordia.
1316 5711 1369 5772 Est
1392 5716 1464 5777 inter
1481 5727 1532 5775 roa
1554 5713 1649 5788 legalis
1666 5711 1749 5773 ntus
1761 5716 1839 5768 usn·
