4059 6184
237 374 290 440 tm
846 370 880 427 u.
901 364 1040 430 ,sunum
1059 362 1259 423 cussmoom
1797 377 1839 435 g,

234 490 387 571 iacuerunt.
414 484 507 541 Bellus
536 490 626 556 tamen
651 482 788 552 gressibus
811 481 867 539 suis
890 480 1031 547 restituta,
1048 480 1071 537 Α
1086 478 1142 550 ipsa
1158 480 1326 550 dignoscitur
1336 496 1396 539 cssc
1409 481 1545 548 collatum,
1561 491 1648 540 maren
1662 500 1734 556 quam
1746 495 1841 552 mariue

237 580 314 648 pouit
332 591 437 634 memor
459 590 519 631 csse
542 572 679 648 bonellcii;
704 575 731 629 iu
754 574 915 643 magistrum
932 573 1032 641 quiippe
1084 586 1165 626 causa
1181 574 1261 641 regim
1276 571 1413 644 dignitatis
1431 576 1553 644 supernis
1567 583 1609 632 cst
1627 577 1768 648 applicanda
1783 585 1830 652 iudi

236 670 333 740 recipit
355 681 436 738 quem
459 665 511 722 sibi
534 665 692 721 subvenisse
714 665 854 735 cognoscit
873 662 1033 734 :suipsius
1085 662 1144 728 ciis,
1154 662 1216 732 outa
1229 665 1285 733 ipsc
1298 664 1471 719 nibilominus
1480 666 1622 732 ordinarit,
1634 670 1674 723 cui
1685 686 1742 726 suos
1750 675 1842 743 populor

236 761 379 830 arbitrium
398 773 507 829 gressus
522 765 624 824 moret,
640 758 725 828 ipsius
743 757 881 813 voluntate
898 756 973 812 cibos
986 770 1033 812 ca·
1084 768 1180 823 parere
1194 755 1341 822 cognoscit.
1363 753 1440 810 Urude
1459 754 1568 812 aneton
1589 767 1678 815 nostro
1691 759 1785 818 Christo
1795 778 1843 833 gra-

235 853 285 923 pit.
308 849 352 917 Et,
374 851 446 922 qurod
472 866 579 906 omnem
604 850 809 918 intelligentiam
829 848 1032 921 quadrupedum
1085 845 1136 901 tias
1158 845 1306 902 humillima
1335 846 1516 903 satisfactione
1541 848 1700 918 relerentes,
1722 852 1845 910 indicamus

236 951 355 1015 superat,
371 959 426 999 non
448 943 553 1012 dubitat
574 944 663 1014 primo
686 951 796 1013 aspectu
817 942 931 999 adorare
952 957 1032 1011 quem
1084 946 1211 1009 parentes
1225 949 1332 993 nosnos
1344 938 1449 994 Gotbos
1463 940 1533 994 inter
1551 939 1740 1009 procinctuales
1751 943 1845 1010 gladios,

237 1045 395 1107 cunctorum
410 1035 535 1107 inteiligit
548 1044 681 1094 rectorem
696 1050 756 1091 esse
770 1052 777 1088 ε
793 1035 836 1090 cui
850 1035 921 1109 illc,
937 1031 994 1105 orti]
1009 1033 1032 1090 si
1085 1044 1161 1085 more
1175 1030 1402 1098 tenuiorum,scuto
1413 1030 1553 1099 supposito
1565 1040 1587 1095 ⁸,
1597 1030 1708 1097 regalem
1720 1032 1847 1088 nobiscou

236 1137 368 1199 tyrannus
388 1132 533 1196 appareat,
557 1123 654 1184 inllexa
679 1134 834 1198 permenam
859 1139 908 1185 nec
931 1123 1032 1194 imponi
1085 1122 1188 1186 tulisse,
1200 1120 1421 1191 purast-antelmo,
1435 1121 1602 1188 dignitatem,
1615 1131 1644 1175 ut
1656 1122 1847 1178 honoramenm

240 1226 330 1289 potest
341 1199 437 1296 belluae
451 1216 504 1272 boc
518 1224 546 1271 et
563 1215 641 1278 malis
655 1214 783 1286 pendere,
797 1214 871 1285 quod
884 1230 900 1268 a
915 1229 944 1270 se
958 1213 1033 1269 nouit
1084 1214 1189 1276 darent,
1200 1211 1277 1280 cuius
1292 1211 1447 1281 opinionem
1463 1211 1531 1265 belin
1545 1220 1713 1282 pepererant.
1729 1212 1854 1268 Noricum

237 1307 316 1376 bouis
330 1308 496 1382 principibus
509 1307 648 1370 exiribcre.
666 1306 694 1372 ln
713 1306 798 1374 uicem
815 1322 909 1365 manus
921 1321 1033 1377 promu-
1086 1303 1112 1358 in
1123 1303 1217 1359 cubilis
1228 1302 1369 1371 angustiis,
1381 1302 1428 1357 sod
1439 1303 1466 1356 in
1477 1302 1578 1373 carnpis
1592 1303 1645 1357 late
1658 1304 1853 1372 patentibnsele-

237 1381 338 1458 niuem
355 1398 450 1465 tendit,
465 1408 493 1454 et
505 1399 635 1467 magistro
657 1385 796 1468 protutura
812 1405 950 1468 gratanter
963 1399 1035 1466 apci-
1085 1404 1158 1451 ctum
1172 1409 1216 1449 mc
1228 1408 1288 1449 esse
1301 1394 1443 1459 noveritis3
1463 1408 1513 1448 nec
1535 1393 1604 1448 inter
1622 1393 1805 1449 blandientium
1815 1395 1855 1450 de·

238 1491 288 1569 pit,
303 1473 408 1563 quisse
423 1491 506 1561 ipsius
520 1504 585 1545 cura
604 1488 695 1544 uiuere
717 1503 797 1558 posse
819 1489 967 1556 cognoscit.
988 1486 1035 1542 Est
1085 1488 1165 1542 licata
1186 1487 1330 1557 colloquia,
1345 1486 1392 1541 sed
1409 1485 1479 1541 tubis
1497 1486 1719 1556 concrepantibus
1730 1502 1854 1555 sumnus·

238 1584 310 1664 cutim
322 1583 362 1655 (ιιι
373 1582 408 1657 ita
419 1580 544 1650 dixerim)
559 1578 693 1654 praedictae
712 1579 807 1639 bellum
820 1587 914 1633 nasuta
928 1593 1033 1649 tatanus,
1085 1582 1165 1650 situs,
1190 1589 1219 1635 ut
1242 1581 1289 1635 tuli
1309 1579 1416 1636 fremitu
1443 1580 1594 1637 concitatus
1615 1580 1745 1636 desiderio
1765 1581 1858 1637 uirtutis

238 1691 287 1756 per
300 1689 380 1743 utram
396 1673 457 1746 data
472 1672 583 1748 suscipit
597 1679 625 1726 ct
644 1672 685 1727 orl
700 1685 750 1747 suo
764 1670 881 1744 voranda
895 1669 1034 1726 transmit·
1087 1671 1211 1755 ingenius
1224 1685 1315 1739 regent
1329 1671 1379 1726 sibi
1391 1670 1516 1727 Martium
1526 1672 1637 1726 Geticus
1650 1672 1759 1742 populus
1770 1672 1858 1726 inreri-

239 1765 280 1830 ιιι.
297 1762 363 1818 Nanu
387 1777 448 1818 curn
468 1762 504 1843 sit
526 1761 610 1838 altum
633 1761 743 1834 artimal,
760 1760 917 1817 brevissima
931 1761 1036 1817 ceruice
1086 1772 1138 1820 ret.
1161 1761 1283 1830 Quandiu
1307 1763 1378 1818 enim
1399 1762 1482 1817 sortes
1500 1762 1560 1826 uiri,
1577 1764 1650 1818 inter
1667 1763 1733 1818 bella
1746 1762 1858 1818 terrentia

240 1856 418 1928 compositum
432 1863 487 1934 est;
503 1860 533 1930 ut
546 1854 618 1927 qnod
631 1854 706 1911 cibos
720 1871 753 1910 ex
767 1855 849 1912 lrumo
865 1870 918 1911 uon
934 1870 1037 1926 pruva-
1052 1864 1075 1924 Β
1088 1857 1194 1925 nutriti,
1209 1856 1356 1926 principem
1372 1853 1440 1909 terre
1462 1861 1586 1925 poterant
1607 1869 1662 1910 non
1685 1853 1822 1924 probatum,
1836 1859 1860 1906 ut

240 1947 311 2002 lebat
326 1960 448 2016 carpere,
466 1946 517 2022 boc
531 1960 561 2003 se
575 1944 724 2002 urrinisterio
743 1944 881 2002 rideretur
900 1962 979 2018 posse
992 1963 1037 2009 sa·
1087 1936 1121 2005 dc
1136 1949 1194 2020 ejus
1212 1948 1280 2002 lama
1301 1948 1446 2026 laboraret,
1459 1947 1582 2016 quamuis
1601 1946 1638 2001 dc
1660 1945 1766 2018 propria
1775 1946 1862 2001 uirtute

240 2039 318 2103 tiore.
340 2036 481 2092 Teutando
502 2036 590 2092 solutu
611 2044 706 2093 cautus
726 2052 834 2108 semper
848 2036 957 2105 incedit,
971 2039 1038 2093 reti·
1087 2038 1281 2112 presumeret?
1295 2037 1410 2093 Necesse
1424 2045 1465 2092 cst
1479 2037 1549 2108 enim
1564 2035 1646 2096 talem
1658 2034 1691 2092 dc
1705 2035 1801 2093 cunctis
1811 2034 1862 2104 opi

241 2145 307 2186 uem
336 2126 414 2183 initio
431 2113 630 2207 'captiuationis
659 2144 717 2201 sure
741 2127 825 2210 luisse
849 2128 900 2185 sibi
928 2130 1037 2193 noriam
1088 2129 1196 2183 aionem
1219 2141 1337 2192 currere,
1352 2126 1458 2197 qualern
1481 2142 1547 2203 gens
1568 2129 1668 2181 meruit
1681 2126 1863 2194 bmercracte

242 2220 357 2273 tuimur.
382 2216 489 2290 Flatum
508 2233 602 2293 sputu,
622 2219 686 2289 quia
704 2218 791 2276 dolori
811 2219 906 2290 capitis
927 2219 1038 2276 hermani
1089 2236 1156 2278 rem.
1172 2221 1248 2287 Nam,
1268 2223 1337 2277 sieut
1351 2221 1443 2276 audire
1457 2220 1591 2290 potuistis,
1605 2228 1746 2290 parentum
1755 2216 1865 2289 periculis

242 2307 343 2364 mederi
364 2306 474 2387 dicitur,
488 2316 598 2385 rogatus
616 2308 735 2364 exhalat.
752 2307 802 2366 llic
820 2310 883 2365 dum
903 2310 937 2366 ad
954 2325 1039 2382 aquas
1089 2321 1218 2369 euocatus
1230 2311 1390 2368 adveneram
1402 2325 1571 2371 currunrunem
1583 2326 1647 2378 curn
1661 2307 1865 2366 omnibussubirc

242 2398 345 2452 uenerit
355 2398 526 2478 bauriendas,
537 2414 586 2468 per
595 2414 690 2454 cauum
702 2401 880 2471 promuscidis
893 2402 919 2460 in
930 2404 1039 2461 niodum
1091 2402 1238 2468 fortunam
1253 2400 1301 2457 scd
1312 2402 1348 2456 illi
1358 2401 1453 2468 duemn
1468 2417 1511 2457 ute
1521 2401 1572 2467 sibi
1586 2417 1716 2460 essenon
1728 2401 1865 2472 passisuot,

243 2489 339 2559 pluuiao
360 2489 474 2567 imbrem
497 2491 649 2563 postulatus
669 2491 795 2566 edundit;
811 2502 839 2563 et
856 2494 897 2550 sic
919 2496 1041 2563 agnoseit
1090 2495 1135 2563 qui
1151 2494 1327 2567 exercitatum
1341 2507 1430 2562 regem
1444 2508 1566 2562 querere
1578 2493 1749 2565 ridebantur.
1762 2492 1867 2562 Quapro

245 2580 315 2650 guod
328 2581 443 2651 patitur,
454 2588 483 2636 et
496 2590 525 2636 ut
539 2582 625 2638 libens
639 2582 720 2638 iaciat
738 2583 812 2654 quod
827 2592 947 2653 rogatur.
963 2584 1039 2663 biritu
1091 2595 1152 2658 pter
1165 2585 1280 2656 primum
1294 2584 1390 2638 divium
1404 2584 1507 2652 gratie,
1522 2583 1621 2639 deinde
1636 2583 1783 2640 Gothorum
1796 2580 1869 2637 lancta

245 2667 401 2746 eorports‘a
415 2671 527 2732 diuersis
549 2676 667 2746 postulat
680 2677 753 2747 ιιιιοιι
766 2678 894 2745 magistro
908 2678 1039 2751 porrigat,
1089 2675 1206 2747 judiciis¹
1218 2675 1280 2745 qrria
1294 2661 1337 2730 rue
1350 2687 1439 2753 regern
1450 2689 1545 2730 orrrnes
1557 2673 1659 2743 facitis,
1669 2675 1715 2745 qui
1727 2672 1869 2728 unanimiter

246 2771 274 2819 et
287 2764 427 2821 nutritoris
441 2766 607 2837 compendia,
623 2782 671 2822 sua
686 2775 762 2839 putat
776 2767 912 2823 alimenta.
926 2768 1003 2836 Quod
1017 2769 1041 2824 si
1093 2778 1155 2825 uota
1176 2767 1314 2823 condentis.
1339 2766 1470 2837 [deponite
1492 2783 1564 2824 nurnc
1585 2767 1748 2823 daruuuorum
1768 2773 1869 2828 metum.

247 2855 344 2924 aliquis
356 2856 685 2928 praebere-contempserit
699 2857 842 2929 postulata,
854 2859 1043 2915 uesicaecollc·
1092 2857 1293 2929 dispendiorum
1318 2857 1485 2927 suspiciones
1506 2856 1625 2926 abjicite,
1652 2857 1718 2912 nibil
1740 2857 1787 2922 sub
1807 2855 1871 2922 nobis

246 2946 354 3002 etaculo
367 2945 513 3017 patefacto,
525 2955 628 3003 tanmm
639 2947 737 3004 dicitur
747 2949 908 3006 alluvionem
920 2963 1042 3019 egerere,
1094 2968 1219 3024 asperum
1235 2950 1392 3006 lormidctis.
1405 2950 1502 3006 Amare
1514 2950 1642 3006 nouiums
1653 2950 1726 3007 uiros
1740 2947 1826 3014 iortes,
1835 2945 1873 3017 grai

248 3047 278 3091 ut
291 3039 316 3092 in
328 3038 385 3108 ejus
398 3040 540 3109 penatibus
553 3039 661 3109 quidam
674 3039 771 3096 tluuius
783 3040 907 3097 videatur
917 3042 1042 3108 intrasse,
1095 3045 1192 3118 saepius
1205 3044 1274 3099 bella
1286 3042 1446 3113 peregimus.
1457 3040 1579 3107 Additur,
1591 3040 1668 3111 quod
1683 3041 1819 3108 unicuique
1829 3036 1874 3091 rir-

250 3138 432 3200 contemptum
443 3130 582 3186 vindicans
595 3130 629 3210 de
639 3127 733 3190 fetere.
746 3131 812 3187 liam
825 3142 853 3188 et
863 3134 942 3189 laesus
954 3141 1044 3190 servat
1096 3146 1181 3192 tutum
1210 3144 1357 3190 uestrarum
1386 3134 1457 3207 [ms.,
1484 3133 1602 3188 uirorum
1625 3128 1791 3203 vestrorum]
1812 3127 1877 3185 testis

247 3220 392 3306 ,Οέθιιιιῐιιι
408 3228 435 3305 ιι
454 3207 534 3300 ltingt>
548 3230 610 3293 post
631 3231 752 3294 tempore
775 3223 889 3288 reddere
907 3224 1013 3291 dicitur,
1029 3239 1044 3279 ι
1059 3235 1081 3297 C
1097 3231 1202 3286 assisto.
1223 3227 1263 3282 Ab
1281 3226 1333 3282 alio
1348 3226 1420 3281 eniru
1432 3225 1496 3280 mibi
1511 3239 1565 3279 non
1579 3232 1623 3280 cst
1637 3239 1709 3294 opus
1722 3224 1789 3280 tacta
1802 3229 1877 3276 vestra
1975 3203 1979 3224 '

251 3327 305 3382 epm
319 3312 459 3382 injuriatus
473 3328 533 3370 cssc
545 3313 669 3369 sentitur.
684 3313 760 3370 Oculi
774 3314 882 3385 quidem
897 3315 982 3385 parvi,
998 3315 1047 3370 sed
1098 3320 1218 3385 narrari,
1239 3320 1300 3388 quia
1325 3317 1415 3372 otrrnia
1442 3315 1580 3373 vobiscum
1610 3316 1754 3372 laboribus
1776 3313 1880 3370 sociatus

252 3407 369 3475 grauiter
389 3422 419 3462 se
443 3415 590 3463 mouentes.
613 3406 714 3462 Credas
737 3406 840 3477 aliquid
863 3408 966 3478 regium
988 3407 1047 3477 ejus
1097 3413 1203 3483 agnovi.
1219 3411 1299 3466 Arma
1316 3409 1464 3472 Gothorum
1491 3407 1564 3464 nulla
1585 3408 1798 3478 promissionum
1816 3417 1880 3458 mea·

253 3485 400 3553 intertdissc
413 3491 597 3572 corrspcetum‘.
613 3496 731 3570 Despicit
750 3497 900 3553 scurriliter·
914 3485 1045 3564 ludentes,
1097 3520 1156 3559 rnen
1169 3503 1298 3557 varietate
1312 3499 1456 3568 frangenda
1469 3508 1531 3553 sunt
1547 3498 1614 3571 led,
1632 3498 1734 3564 amici,
1749 3506 1808 3561 etc,
1819 3493 1882 3549 lran·

251 3575 509 3660 ltonestuut'aliquid
524 3596 661 3659 gratanter
675 3588 805 3658 attend1t;
821 3598 848 3643 et
865 3577 984 3642 advertis
1004 3603 1048 3643 re·
1096 3593 1196 3666 genili]¹
1214 3593 1253 3647 Ad
1265 3593 1351 3662 gentis
1365 3589 1507 3646 utilitatem
1520 3589 1652 3660 respiciet
1664 3603 1749 3644 omne
1759 3583 1883 3657 quodsgi·

253 3689 296 3736 etc
313 3679 445 3750 judicare,
469 3680 512 3736 cni
535 3679 603 3735 levia
627 3672 786 3746 cognoveris
803 3675 1047 3750 displiceremus
1097 3702 1166 3750 mus,
1183 3684 1305 3755 privatim
1320 3699 1371 3738 nec
1385 3697 1433 3737 nos
1447 3680 1609 3737 amabimus.
1621 3681 1684 3737 iioc
1696 3680 1774 3751 sequi
1787 3676 1885 3751 promt-
1979 3717 1981 3730 .

252 3769 332 3840 liujus
354 3770 483 3826 ulcerosis
500 3770 614 3825 uallibus
629 3774 757 3823 exaratur
772 3767 798 3838 (a
813 3765 865 3837 qua
881 3773 1045 3837 transporta·
1098 3777 1178 3830 rimus
1192 3774 1265 3844 quod
1280 3782 1357 3828 ornet
1371 3773 1474 3841 regium
1489 3786 1599 3826 nomen,
1623 3771 1770 3828 poseremo
1781 3778 1885 3824 nostrum
1979 3743 1981 3820 i

252 3875 365 3916 ncorurn
385 3859 500 3916 ncianda
520 3860 609 3931 passio
625 3875 722 3914 noruren
735 3858 862 3944 accepit),
877 3873 936 3927 quae
950 3857 977 3913 in
993 3867 1048 3913 tau·
1098 3882 1146 3937 per
1164 3866 1243 3942 170
1253 3865 1342 3929 omnia
1358 3861 1515 3933 pollicentur
1527 3861 1688 3929 imperium,
1702 3859 1783 3930 quale
1796 3854 1886 3913 Gothos
1979 3878 1981 3934 p

253 3963 307 4007 taur
322 3954 447 4008 duritiam
466 3950 606 4015 solidatur,
622 3958 651 4005 ut
670 3959 746 4022 putes
759 3965 818 4005 csse
830 3965 934 4005 osseam
945 3958 1044 4006 cutem.
1098 3957 1196 4012 liaticpe
1216 3955 1311 4019 deceat
1332 3961 1394 4024 pest
1417 3952 1543 4026 inclytum
1565 3950 1798 4007 Theodericum:
1813 3943 1888 4002 rired
1980 3941 1981 4000 j

253 4046 317 4118 llaec
331 4037 403 4114 trulla
418 4045 444 4100 ri
460 4044 658 4111 transmittitur,
681 4043 755 4099 nullo
770 4041 832 4097 lerri
851 4043 975 4099 acumine
997 4057 1046 4112 pe·
1098 4049 1173 4116 regni
1196 4062 1274 4103 curas
1295 4045 1467 4118 singnffariter
1487 4050 1516 4101 et
1537 4042 1655 4113 pulchre
1676 4040 1849 4112 compositus,
1864 4040 1889 4087 ut
1980 4105 1981 4108 Ἴ

254 4127 384 4190 netr'atrir.
408 4123 526 4218 ldcoqne
546 4133 689 4200 Persarum
704 4147 781 4203 reges
798 4133 869 4188 harro
883 4132 998 4188 belluam
1013 4132 1047 4187 ad
1098 4138 1196 4193 merito
1209 4119 1392 4205 uniusquisque
1406 4132 1556 4204 principum
1572 4140 1685 4188 tantum
1702 4130 1844 4203 praeclarus
1856 4124 1891 4178 in·

253 4226 322 4282 belia
338 4211 487 4292 traxerunt,
503 4211 562 4309 quim
574 4233 602 4280 ct
614 4225 694 4284 nullis
707 4225 803 4280 ictibus
814 4223 917 4294 pulsata
928 4222 1046 4290 cederet,
1099 4229 1242 4296 telligatur,
1258 4233 1388 4297 quioniam
1404 4223 1516 4280 consilia
1538 4223 1625 4294 ipsius
1651 4237 1751 4277 aurare
1769 4212 1891 4287 dignosci·

252 4327 280 4375 ct
294 4319 464 4375 aduersarios
478 4313 526 4374 sua
541 4311 613 4374 niolo
628 4307 751 4395 terreret.
765 4315 935 4387 Quapropter
946 4315 1047 4370 liaberc
1099 4328 1151 4376 tur.
1172 4317 1273 4373 idcireo
1288 4330 1387 4388 parens
1402 4315 1485 4384 ipsius
1497 4313 1579 4374 debet
1591 4314 1686 4380 credi,
1701 4313 1750 4382 qui
1765 4311 1821 4379 ejus
1834 4306 1893 4360 tam
1980 4309 1981 4374 ζ

252 4399 458 4470 corum'lormas
472 4409 651 4481 gratissimum
662 4417 714 4473 esi,
727 4417 757 4463 ιιι
769 4408 815 4491 qui
828 4407 915 4462 vivam
926 4406 1048 4460 subsitu-
1098 4411 1216 4481 potuerit
1240 4406 1348 4464 imitari.
1375 4404 1409 4459 Et
1431 4405 1491 4460 ideo
1514 4419 1563 4474 pro
1585 4406 1668 4478 regni
1690 4403 1779 4476 nostri
1794 4399 1893 4454 utilitate

252 4501 321 4557 tiam·
332 4516 387 4556 non
400 4500 535 4567 uiderunt,
551 4485 689 4582 opinatum
703 4497 741 4571 [td
751 4506 799 4578 est,
814 4493 931 4568 celebre]
946 4494 1046 4550 animal
1098 4510 1185 4558 estote
1205 4499 1322 4566 solliciti,
1343 4499 1378 4555 dc
1401 4499 1507 4553 interna
1529 4496 1764 4565 conuersatione,
1789 4492 1842 4562 Dea
1859 4487 1896 4558 iu·

253 4593 299 4666 tali
319 4589 511 4662 imaginatione
532 4585 706 4662 cognoscant.
721 4585 756 4645 Et
776 4591 839 4645 idco
860 4577 913 4646 non
935 4588 1048 4659 patiaris
1062 4601 1087 4663 Ι)
1100 4602 1189 4660 eante,
1205 4592 1301 4649 securi.
1980 4577 1981 4584 '

252 4675 352 4756 perire,
365 4683 472 4755 quando
487 4677 615 4739 Romame
629 4683 765 4759 dignitatis
775 4689 816 4754 cst
829 4678 961 4735 artificum
973 4680 1047 4749 inge·
1351 4680 1515 4753 uersuum
1535 4677 1648 4745 xxxii.

251 4776 303 4840 niis
322 4776 348 4830 in
364 4774 409 4831 illa
423 4774 489 4830 urbe
503 4769 661 4841 recondere,
677 4767 750 4858 quod
762 4788 810 4852 per
821 4772 942 4843 diuersas
955 4770 1047 4826 muudi
1225 4789 1376 4836 tusrrursso
1390 4786 1550 4828 iurauerant
1565 4786 1671 4826 uurrots
1681 4787 1740 4837 nes
1755 4768 1779 4824 ἰ.

252 4874 343 4968 partes
358 4864 531 4935 cognoscitur
544 4863 620 4919 dives
634 4871 729 4918 natura
745 4853 915 4940 procreasse.
1104 4867 1217 4939 Exponit
1233 4865 1394 4930 caramerum
1406 4879 1470 4932 qum
1490 4860 1570 4916 lentio
1582 4871 1706 4983 w,
1717 4859 1788 4915 gepa
1799 4857 1900 4939 ψ..
1980 4883 1981 4886 ,

343 4951 346 4957 ,
513 4972 676 5032 EPISTOLA
696 4970 790 5028 xm
1146 4940 1198 4992 bot.
1216 4935 1281 5024 Turre
1295 4952 1341 5003 per
1353 4934 1450 5004 legatos
1462 4949 1579 5001 pareone
1612 4941 1783 5005 imperatore
1793 4938 1879 5025 petit..

1137 5029 1243 5096 Quanta
1263 5027 1296 5081 sit
1316 5024 1403 5090 nobis,
1415 5023 1628 5082 clementissime
1640 5024 1811 5102 insuperator,
1820 5025 1901 5090 graue

1101 5126 1196 5177 vestm
1215 5120 1305 5174 votiva
1328 5118 1455 5192 suauitas,
1471 5117 1533 5171 ltine
1555 5113 1677 5170 omniuo
1692 5114 1778 5186 datur
1792 5105 1902 5170 intelligi.

431 5084 564 5148 putt'nesrs
578 5082 673 5124 uorrtrs
688 5053 782 5120 urricus
797 5080 859 5119 nex.

254 5165 395 5242 §mmm
415 5161 447 5236 a&
466 5170 842 5284 em‘'u’crzisoriienismmm'
864 5169 949 5226 rem
969 5153 1049 5226 [mm
1102 5221 1131 5268 ut
1150 5219 1210 5282 pust
1232 5217 1273 5265 tot
1294 5208 1466 5280 grauissimas
1488 5206 1624 5272 laesiones,
1642 5214 1675 5260 et
1690 5211 1770 5279 taneta
1785 5199 1905 5258 eliusioue

289 5324 670 5395 Quamvisomnisprovectus
682 5319 716 5376 ad
727 5315 926 5376 diuinitatiscst
938 5328 1049 5370 munera
1102 5302 1237 5389 sanguinis
1251 5307 1428 5372 perpetratas,
1447 5299 1487 5353 sic
1507 5297 1654 5352 videmur
1677 5287 1780 5367 pacem
1798 5300 1906 5348 issimi

255 5405 421 5473 relercndusss
437 5430 487 5471 nec
500 5393 601 5492 aliquid
615 5401 722 5482 constat
736 5396 848 5477 hotrum,
864 5407 914 5470 nisi
928 5405 1000 5477 quod
1014 5405 1049 5461 ab
1102 5410 1232 5469 (itiitere.
1249 5401 1375 5460 tanquam
1388 5405 1438 5445 ¹¹⁰ss
1453 5405 1532 5445 ¹¹⁰¹¹¹⁰
1546 5395 1713 5466 mimium
1728 5395 1840 5464 bulsini
1851 5387 1908 5442 ²⁰²⁸

291 5626 305 5682 ἢ
321 5615 367 5673 Sic
377 5614 436 5672 auo
451 5613 611 5672 Viennensis
624 5611 651 5667 in
661 5618 742 5668 aetate
755 5615 832 5665 sexta
849 5624 856 5659 ι
873 5604 926 5661 Sed
941 5604 1052 5660 Francis
1104 5601 1146 5654 nia
1161 5597 1262 5653 notam.
1279 5595 1316 5650 Ea
1331 5604 1421 5650 antem
1437 5597 1534 5651 levatio
1547 5597 1709 5662 suppositis
1724 5595 1813 5652 sentis
1826 5590 1911 5646 tiebat.

256 5688 429 5742 curiscutiens
439 5698 514 5740 more
525 5683 613 5750 gentis
627 5683 766 5752 impositus
780 5679 875 5749 clypeo
888 5691 937 5731 rex
951 5675 1052 5730 consti·
1104 5678 1134 5724 ut
1146 5667 1349 5751 bincucolligerc
1362 5667 1455 5736 liquet.
1473 5665 1540 5720 tute
1553 5664 1728 5749 Lorippuun.
1747 5666 1847 5746 lucer.
1892 5727 1898 5738 ι

258 5763 330 5831 tutus
341 5765 393 5823 est,
407 5756 510 5810 sicilie.
521 5753 575 5809 Sed
586 5760 614 5808 et
628 5751 742 5806 liomani
752 5757 780 5804 et
792 5746 899 5802 barbari
907 5759 987 5814 quem
1002 5745 1052 5797 im·
1140 5738 1153 5777 ¹³
1173 5739 1257 5806 liugos
1269 5736 1390 5861 epistole
1404 5745 1587 5806 argumentum
1607 5747 1792 5792 irasciturus
1806 5738 1911 5786 metunt
1950 5790 1956 5800 ,

257 5833 410 5896 peratorem
424 5825 637 5883 trummacum
649 5823 675 5876 in
686 5820 767 5874 altum
780 5816 958 5894 ¹⁰¹¹⁰b³¹iir¹¹²
969 5814 1054 5894 liquot
1103 5808 1249 5890 iustiniani
1263 5823 1279 5862 a
1299 5822 1392 5861 versus
1410 5804 1522 5868 Gothos,
1544 5806 1677 5886 historiis
1693 5814 1799 5861 testata
1814 5803 1911 5873 satist

262 5911 296 5972 cg
308 5892 443 5948 lorrtsudc
458 5895 484 5948 in
498 5891 643 5962 Cluonico,
658 5905 718 5959 cap.
734 5887 781 5956 bb,
795 5886 841 5948 ubl
857 5883 909 5950 aba
931 5891 1053 5948 testimo-
1104 5895 1158 5957 qino
1172 5879 1264 5949 lurgis
1276 5892 1369 5951 pacem
1383 5892 1432 5950 per
1447 5876 1550 5962 legatos
1561 5883 1647 5942 pern.
1666 5876 1761 5932 Fors.
