4059 6184
167 144 224 203 ,ἦ
866 144 1129 205 euornoounrii.
1758 175 1811 234 ιιι

264 300 283 343 ⁸.
297 258 353 318 b'ec
365 274 428 318 curo
444 266 510 318 sane
526 277 644 334 unquam
664 271 712 321 aut
729 265 904 330 certioribus.
919 274 967 323 aut
980 268 1004 330 Δ
1018 282 1115 324 mauris
1128 281 1184 324 noir
1196 266 1320 337 elingerit
1335 269 1462 341 pratitas
1474 270 1559 339 liber,
1576 271 1670 331 batere
1682 292 1726 332 eci
1741 275 1812 333 Gaii·

182 331 452 389 llustnorihus'suum
466 341 522 388 tarn
536 333 564 389 ln
576 334 641 391 disci
663 336 731 402 ulos,
753 344 811 393 turn
830 336 859 392 iii
878 334 968 394 ilusas
1019 338 1134 393 dentiam
1148 337 1263 394 llutiani
1276 336 1413 405 Latinum·
1426 358 1501 413 quern
1514 343 1538 397 ai
1550 343 1662 399 sollicita
1672 346 1813 404 inanitione

169 416 306 482 amomm·
315 400 467 484 declarasse
480 401 587 461 indiciis
600 351 683 476 pugi,
697 421 779 476 quarn
793 406 856 462 dura
871 405 968 463 biblio·
1019 409 1115 481 tegant,
1130 409 1207 479 linias
1219 409 1336 465 scientim
1347 411 1451 468 scilicet
1469 411 1593 483 blasina,
1606 416 1643 470 eis
1658 418 1728 472 atria
1743 428 1813 489 pate·

170 471 284 527 ubemur
297 482 400 542 ingenti
413 471 587 539 advectorum
602 489 656 530 nou
671 491 705 531 ex
719 475 794 532 ltalia
814 477 905 544 modo,
919 476 968 533 sed
1020 477 1140 552 [edenda
1172 478 1296 535 ollicetur
1310 479 1443 549 illidens).

171 549 204 597 et
215 555 249 597 es
262 540 328 613 ipsis
340 542 422 597 etiarn
436 543 624 600 remotissimis
641 546 788 617 provinciis
800 545 969 603 uoluminum
1056 547 1070 621 fi
1090 545 1140 602 xx
1165 547 1197 604 ll.
1209 547 1379 606 Cassiodorus
1392 551 1813 627 iuisdearonstratquantuurinS.

170 611 275 667 ditaret
287 626 319 667 su
356 611 465 681 tlectile,
488 615 573 671 sacris
585 615 734 686 prasertim
746 614 895 677 codicibus.
910 632 971 672 sau·
1020 617 1165 687 Scriptum
1178 619 1264 675 studia
1278 623 1360 689 presit
1377 623 1472 678 oratio.
1492 622 1558 689 Quis
1570 623 1627 693 jam
1641 624 1815 684 vivarienses
1919 628 1927 645 ’

171 691 282 738 etenim
333 690 422 738 auum
448 683 592 754 operibus,
617 685 793 756 interpretum
824 685 970 759 Scripturas
1019 686 1172 745 fortunatos
1182 688 1326 747 admodum
1338 708 1391 748 nou
1402 695 1581 762 reputaverit,
1592 695 1639 764 qui
1654 703 1707 751 tain
1718 706 1814 754 sancto

171 751 429 822 explanationibus,
460 753 705 826 orthographorum
738 756 970 813 lucubrationibus
1020 757 1111 815 abbati
1123 759 1263 830 parebant,
1276 761 1475 818 tameruditum
1486 764 1642 833 magistrum
1656 766 1814 839 audiebant,

172 822 336 887 adornaret;
351 823 394 879 rel
413 824 488 894 ipso,
509 840 564 908 quo
585 826 725 897 proprium
739 826 849 883 cuilibet
866 825 971 885 auctori
1021 838 1077 884 tarn
1093 828 1186 886 taeiles
1197 830 1301 897 sibi,ob
1313 831 1547 904 hamensampene
1560 834 1813 909 librorumeopianr,
1913 846 1917 853 '

172 891 330 962 assignabat
350 892 456 964 locum,
471 894 567 953 ordino
581 896 731 954 mirabilem
745 897 899 954 decoraret.
916 897 972 954 Ve-
1021 900 1055 954 ad
1069 900 1196 956 scientias
1217 916 1321 969 omnes,
1344 903 1514 1014 maximeque
1528 904 1562 959 ad
1576 905 1729 962 divinorum
1741 907 1815 964 noti-

172 970 369 1044 rum,·utbquas
382 966 537 1021 summatim
555 967 631 1037 attigi
653 967 793 1024 senatoris
817 968 844 1023 in
865 982 972 1038 compa·
1022 970 1087 1025 tiam
1099 969 1188 1026 aditus
1206 980 1299 1042 patere
1313 973 1478 1044 gandebant.
1493 972 1558 1040 Quis
1568 973 1780 1033 Cassiodorumi

172 1031 267 1090 raudn
282 1032 358 1089 libris
371 1049 466 1102 curas,
486 1050 635 1107 persequar
659 1037 712 1093 'aiu
732 1037 887 1110 singillatim
903 1055 910 1092 r
926 1036 972 1094 nbi
1021 1056 1081 1096 suin
1103 1057 1158 1097 non
1184 1040 1313 1097 fatebitur
1336 1041 1474 1112 discipulis
1500 1043 1565 1099 olim
1588 1046 1687 1103 merito
1700 1062 1766 1104 suos
1786 1065 1814 1105 iu

186 1104 294 1184 'ninum
307 1105 416 1161 rescivit
430 1105 513 1187 lactas
529 1121 545 1162 a
560 1108 623 1164 diro
636 1052 802 1179 titerouyuio
821 1108 972 1164 diuinarum
1022 1110 1369 1180 colligendisuudcquuquc
1380 1112 1562 1170 uoluminibus
1574 1114 1681 1172 labores
1691 1118 1815 1187 posuisse

186 1181 330 1228 itterarum
346 1176 543 1245 expositiones,
559 1178 634 1234 misit
647 1192 723 1234 mora
737 1177 810 1235 nulla
824 1177 850 1233 iu
865 1179 972 1234 diuersa
1022 1181 1058 1234 ob
1072 1181 1167 1238 oculos
1183 1181 1224 1237 liis
1245 1183 1335 1237 serbis
1348 1180 1404 1252 (itt.
1427 1182 1460 1237 dc
1474 1183 1562 1238 liiuin.
1579 1184 1644 1248 lu..
1669 1204 1727 1258 cap.
1742 1187 1789 1261 33)
1806 1206 1814 1245 ι

174 1251 312 1299 immnuta
332 1244 403 1311 loca,
426 1246 473 1316 qui
493 1254 521 1302 ei
544 1247 733 1320 perquirerent
754 1248 922 1317 diligentius,
945 1254 973 1303 el
1022 1250 1074 1306 Eia
1099 1268 1177 1315 rinae,
1194 1251 1340 1306 charissimi
1354 1255 1468 1323 tratres,
1489 1256 1610 1325 festinate
1628 1258 1656 1311 in
1671 1256 1816 1328 Scripturis

175 1314 256 1370 citius
275 1313 403 1370 ullcrrent
419 1333 426 1371 ι
444 1317 513 1380 Quos
537 1320 659 1374 contiuua
677 1319 710 1373 dc
731 1318 837 1374 diuersis
855 1317 973 1391 partibus
1022 1324 1120 1378 saiicti‘s
1133 1321 1276 1393 prolicere.
1287 1324 1443 1393 quaudcme
1457 1326 1613 1395 cognoscitis
1627 1343 1674 1397 pro
1688 1328 1816 1384 doctrinm

174 1382 270 1467 uirique
289 1384 431 1442 direximus
451 1385 633 1459 inquirendos,
659 1399 823 1459 suscepturos
845 1406 892 1444 uos
917 1404 974 1444 esse
1023 1401 1115 1447 cestrie
1128 1394 1203 1462 coma
1224 1393 1356 1464 adjutorio
1379 1393 1516 1450 dominicae
1535 1398 1628 1466 gratiae
1647 1405 1720 1451 tanta
1744 1397 1817 1454 uitii

172 1453 264 1509 dirim
274 1456 442 1512 miseratione
452 1458 606 1528 confidimus
619 1457 688 1528 (Lib.
703 1458 762 1514 Diu.
776 1458 919 1530 Litt.,cap.
931 1456 971 1542 8).
1024 1471 1049 1517 et
1063 1462 1128 1517 talia
1142 1467 1335 1534 conprepastet
1356 1463 1421 1531 Qum
1434 1464 1544 1534 quidem
1559 1480 1641 1522 voces
1655 1467 1750 1522 mirum
1774 1474 1818 1524 est

172 1521 248 1579 Petri
284 1541 301 1579 u
339 1541 374 1581 ue
388 1525 562 1599 Tripolitanae
580 1529 726 1611 prouinciae
740 1529 886 1585 abbatisin
906 1528 973 1600 Epr-
1024 1544 1153 1602 quantum
1177 1532 1326 1588 monachos
1346 1535 1380 1589 ad
1393 1533 1549 1589 sectandam
1563 1536 1719 1605 magistram
1742 1537 1818 1595 illam

172 1539 396 1675 uiolastit.03auli
409 1607 620 1655 coarmanturios
631 1616 666 1656 er
681 1599 770 1656 dirica
784 1601 812 1656 in
827 1599 930 1682 ltaliam
944 1606 974 1655 ut
990 1619 1058 1698 Bac
1072 1602 1190 1672 reginam
1199 1600 1401 1673 disciplinarum
1415 1603 1589 1673 theologiam,
1601 1606 1818 1674 penetranilosre

171 1672 420 1736 comportarentur,
435 1668 525 1725 ellecit
540 1688 548 1725 ι
565 1667 616 1736 Qui
630 1669 701 1725 cotis
714 1670 782 1725 inter
795 1669 861 1726 aiios
872 1670 972 1724 codnes
1025 1673 1165 1728 abstrusos
1178 1671 1380 1744 Scripturarnm
1395 1689 1491 1730 sensus
1506 1675 1686 1732 incenderint.
1699 1675 1758 1731 Sibi
1773 1686 1816 1733 ta·

172 1735 263 1790 ἀιίίιια
320 1737 375 1790 atie
401 1738 484 1822 suffra
503 1749 563 1795 ante
586 1739 620 1795 de
638 1740 727 1812 nitrien
745 1751 820 1812 parte
833 1739 973 1796 mittendus
1023 1759 1085 1799 men
1100 1758 1133 1799 ac
1154 1741 1281 1797 iratribus
1294 1744 1350 1800 suis
1363 1745 1513 1814 periturum
1539 1746 1647 1810 oleum,
1668 1748 1819 1819 perituram

171 1816 210 1860 ert
223 1753 363 1933 qtbiffcrqq.
381 1805 416 1863 Ut
431 1757 562 1866 riiteilerit
575 1810 717 1879 regionum
731 1812 866 1867 uariarum
878 1810 974 1865 lustra·
1023 1813 1180 1880 operamur
1193 1813 1358 1869 humillimus
1370 1813 1553 1882 existimabat,
1561 1816 1611 1872 uisi
1627 1817 1699 1885 quod
1714 1823 1819 1873 natiiraa

351 1893 368 1932 u

173 1876 224 1933 tori
245 1893 315 1939 us,s
370 1877 403 1934 lis
415 1878 489 1941 licet.
505 1896 559 1936 nou
580 1879 707 1937 incidisse
726 1880 754 1936 in
773 1897 870 1936 marrus
888 1880 972 1935 libro-
1023 1884 1125 1939 uiribus
1139 1883 1252 1938 nimium
1265 1894 1325 1939 erat
1338 1893 1366 1941 et
1379 1885 1557 1955 impervium,
1580 1887 1605 1942 id
1619 1887 1752 1942 orationis
1766 1902 1820 1959 ope

171 1961 230 2001 rani
242 1947 423 2016 quorumdam
437 1948 585 2022 Scripturas
606 1965 690 2007 sacru
704 1950 943 2022 interpretationes
956 1963 972 2004 a
1024 1953 1108 2009 alica
1120 1954 1286 2010 scientiarum
1300 1952 1412 2010 Domino
1426 1965 1667 2024 consequerentur.
1688 1954 1757 2012 llinc
1771 1973 1821 2013 cos

171 2016 309 2073 bellatore
334 2019 505 2092 presbytero,
527 2029 557 2076 ut
580 2028 739 2077 occurreret
758 2021 855 2092 inopiae
875 2027 972 2087 tantan,
1024 2025 1064 2079 sic
1078 2023 1203 2078 hortatur
1218 2024 1245 2078 in
1259 2024 1319 2094 ipso
1332 2023 1394 2079 libri
1408 2024 1443 2080 de
1457 2024 1559 2081 Divinis
1575 2025 1685 2081 Litteris
1698 2026 1793 2083 limine
1808 2044 1830 2081 :-

170 2101 221 2142 nec
243 2102 300 2142 non
324 2095 353 2144 et
373 2089 499 2145 homilias
513 2088 637 2161 origenis
655 2092 682 2147 in
696 2090 809 2147 Esdram
826 2090 973 2146 latinitate
1025 2092 1135 2148 Oramus
1149 2092 1261 2148 atriolis
1275 2110 1291 2146 a
1309 2095 1426 2149 miautar
1437 2095 1485 2148 itta
1498 2111 1555 2164 quia
1568 2095 1659 2150 clausa
1669 2105 1739 2163 sunt,
1755 2104 1782 2151 et
1804 2113 1822 2151 a

170 2158 286 2212 donatas
301 2157 377 2214 adse
391 2162 587 2217 transmitteret
601 2163 713 2232 supplet
726 2160 889 2231 impetrauit.
903 2160 973 2228 Quin
1024 2164 1049 2218 te
1067 2163 1127 2218 endi
1142 2163 1228 2218 studio
1254 2179 1272 2217 a
1301 2163 1403 2218 latenas
1423 2164 1601 2219 abscedamus.
1628 2166 1731 2221 deserit
1756 2166 1821 2222 alibi

170 2227 251 2283 ctiam
265 2226 601 2311 Epiphaniumquemdam
613 2233 702 2287 uirum
714 2231 900 2288 doctissimum
912 2228 975 2286 sibi·
1026 2237 1035 2304 t
1061 2233 1097 2287 a.
1113 2231 1172 2287 ltin.
1194 2230 1270 2297 Lite,
1287 2249 1344 2303 cap.
1364 2232 1412 2303 28)
1433 2235 1574 2305 perfectam
1593 2236 1751 2305 sementiam
1766 2253 1822 2292 nori

169 2313 224 2423 qqq
248 2298 462 2366 amicissimum,
486 2316 556 2373 opus
581 2302 655 2372 quod
677 2316 804 2359 sermone
824 2299 919 2359 Greia
946 2299 973 2355 in
1026 2311 1082 2359 tam
1096 2302 1187 2360 studio
1200 2317 1281 2385 qnam
1295 2303 1394 2358 actibus
1407 2303 1481 2358 banis
1495 2304 1693 2360 etoratianilus
1706 2306 1822 2363 aidduis

227 2370 283 2424 tica
300 2369 470 2427 canticorum
489 2369 521 2426 n.
538 2370 560 2426 ll
580 2372 703 2441 ipiranius
717 2378 906 2434 contexuerat,
921 2368 975 2426 llo·
1025 2372 1154 2438 obtineri,
1168 2372 1280 2428 retineri
1293 2373 1443 2428 obtentam.

169 2454 281 2494 mariam
295 2440 323 2494 in
337 2439 466 2512 linguam,
478 2449 507 2497 et
516 2441 551 2497 ait
561 2389 734 2498 flibtiomecre
743 2440 973 2512 supplementum,
1061 2443 1195 2511 Quoniam
1210 2450 1300 2498 autem
1314 2444 1439 2515 exempla
1459 2441 1597 2501 eiticacius
1610 2459 1671 2500 esse
1684 2445 1774 2501 soleat
1787 2445 1822 2501 ad

169 2511 243 2565 etad
258 2508 455 2582 discipulorum
470 2527 546 2567 usum
561 2512 876 2575 transterret,eaoravit.
1046 2513 1154 2569 uuelibet
1181 2513 1395 2579 incitamentum,
1424 2515 1595 2583 proponebat
1626 2515 1660 2571 iis
1693 2514 1822 2570 Davidem

203 2579 220 2654 ς
242 2577 330 2635 XXV.
354 2579 526 2637 Tabernacnli
540 2592 566 2637 et
585 2583 674 2655 templi
692 2582 842 2638 Salomonis
856 2581 943 2664 fipura
956 2597 974 2637 a
1025 2529 1124 2656 arms.
1142 2584 1230 2638 Dicin.
1244 2582 1361 2653 liutem),
1374 2584 1420 2653 qui
1432 2584 1500 2639 licet
1513 2582 1610 2640 diuinae
1624 2585 1693 2655 logis
1706 2585 1823 2640 medita-

170 2651 333 2707 t'iisriadoro
358 2649 390 2705 de
409 2653 470 2707 icta.
497 2651 735 2709 innumerandam
762 2652 975 2722 praeclarissimis
1027 2655 1096 2711 tioni
1107 2668 1245 2724 nunquam
1261 2669 1314 2708 non
1332 2655 1461 2723 intentus,
1478 2654 1654 2711 nibilominus
1668 2657 1710 2711 his
1724 2653 1823 2710 coelunr

169 2721 380 2778 Cassioiloraaar
391 2669 561 2779 itbltotueea
572 2723 739 2780 ornamentis
753 2722 974 2790 ceiiseoelegan-
1026 2725 1162 2781 coutinuis
1174 2723 1299 2794 pulsabat
1310 2724 1474 2780 clamoribus
1491 2740 1498 2777 2
1520 2724 1564 2778 lta
1586 2727 1650 2780 milii
1664 2726 1823 2780 intellectuat

169 2802 223 2847 tetri
240 2792 339 2861 templi
353 2792 576 2865 tabernaculique
599 2793 754 2850 Salomonis
773 2793 895 2855 iconem,
916 2807 975 2864 quie
1026 2805 1056 2850 ut
1081 2794 1183 2850 discam
1202 2794 1329 2848 maridata
1357 2803 1401 2847 tua
1416 2792 1504 2865 (Psoi.
1529 2810 1622 2857 casiri,
1638 2794 1695 2865 73).
1710 2794 1824 2850 Dicebat

168 2863 275 2933 depicta
288 2863 435 2928 subtiliter,
453 2873 481 2918 nt
494 2864 552 2934 ipse
565 2864 621 2932 ait,
636 2863 801 2919 lineamentis
819 2861 932 2935 propriis
946 2862 974 2917 iu
1025 2865 1163 2921 hominem
1178 2864 1323 2935 quemdam
1338 2863 1509 2919 imbecilliori
1528 2865 1690 2934 praeclusum
1701 2863 1822 2934 iugenio,

167 2932 299 3002 pandecte
313 2929 408 2987 butino
418 2935 535 3003 corporis
567 2935 698 2989 randiariu
712 2942 884 3003 eontpetenter
894 2939 973 2999 apta·
1026 2950 1107 3007 prece
1121 2935 1286 2990 creberrima
1298 2933 1441 2989 reclusisse
1451 2934 1502 2989 sibi
1515 2931 1666 2989 dilliciliiini
1676 2935 1823 3005 Scriptura

167 3012 253 3058 ierat.
268 3001 395 3057 Nondum
417 3004 535 3074 perierat
549 2952 626 3060 &dm
641 3003 808 3074 temporibus
825 3018 894 3072 opus
907 3000 972 3083 illud
987 3020 1011 3084 c
1027 3012 1116 3060 textus
1130 3004 1344 3072 intelligentiam.
1370 3002 1515 3059 lielerehat
1536 3006 1628 3069 alium,
1643 3005 1687 3060 rel
1701 3007 1822 3076 ipsorum

169 3072 310 3141 mirabile,
324 3072 423 3142 quoda
441 3089 470 3129 se
483 3075 579 3135 risum.
591 3084 620 3129 ct
635 3074 686 3131 sibi
702 3073 767 3129 utile
781 3072 864 3129 luisse
876 3088 933 3128 suis
946 3072 973 3127 in
1027 3075 1164 3145 alphabeti
1189 3075 1387 3130 elementorum
1410 3074 1446 3129 im
1466 3075 1577 3142 eritum,
1601 3072 1736 3145 frequenti
1761 3088 1823 3130 ora-

168 3142 246 3199 libris
258 3145 295 3199 de
311 3143 412 3212 templo
427 3145 655 3215 tabernaculoque
667 3142 820 3200 Salomonis
831 3142 902 3198 ultro
913 3157 976 3198 con·
1027 3146 1101 3202 tione
1116 3144 1239 3201 codicem
1254 3143 1391 3209 traditum,
1408 3089 1465 3199 uti)

169 3213 265 3269 litetur
280 3211 353 3284 (tit.
368 3213 639 3281 irdeTateraac.,c.
654 3213 698 3285 te)
714 3232 721 3268 ι
737 3214 919 3269 arbitrabatur
933 3213 975 3267 ui·
1027 3215 1150 3271 tinuisse.
1167 3212 1342 3285 Quapropter,
1358 3214 1497 3283 inquiebat
1521 3212 1567 3284 (ln
1583 3215 1660 3287 pras.
1684 3212 1730 3269 itt.
1761 3212 1821 3271 Diu.

169 3285 272 3339 rabum
283 3283 447 3340 uenerabilis
460 3286 558 3341 doctor
569 3285 636 3340 nibil
647 3284 738 3354 liguris
749 3284 802 3340 illis
815 3282 972 3354 perfectius,
1027 3284 1090 3340 biti.
1107 3326 1114 3348 ,
1127 3288 1230 3339 oremus
1240 3293 1268 3339 nt
1278 3283 1352 3340 natis
1363 3301 1379 3337 a
1398 3284 1515 3338 ertantur
1525 3285 1571 3340 iilo
1599 3301 1639 3340 iiie
1652 3285 1820 3340 rtanroiuat.

168 3353 239 3410 nihil
253 3355 412 3410 accuratius
425 3355 573 3423 excogitari
594 3370 686 3426 posse.
707 3353 785 3418 llaec,
799 3352 887 3436 inquit
902 3348 972 3420 (tto.
1064 3355 1079 3429 5
1120 3353 1212 3410 xlllt.
1229 3353 1354 3411 arceis.
1391 3303 1611 3420 cripturieiuteili
1629 3356 1822 3409 cutiametta·

169 3424 202 3480 de
216 3423 329 3494 Templo
350 3422 465 3488 Salam,
484 3441 508 3480 c.
525 3425 586 3497 ld),
609 3435 638 3479 ut
656 3426 684 3480 iri
703 3426 805 3496 pictura
823 3421 975 3479 inemori
1027 3424 1088 3483 tore
1110 3426 1197 3490 tintul,
1220 3433 1246 3481 et
1272 3423 1392 3479 oratione
1415 3425 1573 3492 comparari,
1617 3426 1716 3480 ouebat
1730 3431 1822 3479 tamen

169 3495 318 3566 aprum
336 3493 474 3561 mincii,
489 3495 598 3551 treunr
611 3496 739 3551 adiurare
752 3493 898 3549 ceraunii
913 3508 922 3547 .·
937 3492 975 3547 tia
1026 3512 1042 3550 a
1057 3495 1202 3554 cenobitis
1215 3502 1279 3550 ante
1292 3493 1413 3549 alituum
1424 3493 1771 3564 riunieupracumbeutitius
1782 3493 1822 3550 sic

169 3564 271 3619 minat
283 3566 398 3637 critiquii
409 3564 510 3621 ludaeis
522 3566 645 3621 didicisse
658 3563 739 3639 [torte
747 3564 809 3619 add.
824 3560 974 3634 erratuum,
1025 3565 1102 3623 luridi
1115 3579 1211 3637 preces
1223 3579 1277 3620 uon
1288 3572 1427 3634 oportere,
1439 3572 1467 3620 ut
1481 3578 1542 3635 quae
1552 3563 1742 3646 pomulasseiit,
1754 3563 1823 3619 otio

170 3634 859 3705 nequerirunitameruditarnrotuiiseinexemplum
873 3633 974 3706 legendi
1026 3638 1063 3693 sis
1077 3637 1130 3691 sibi
1151 3635 1295 3690 annuenda
1315 3633 1481 3700 crederent;
1507 3632 1648 3703 sapientia
1670 3632 1822 3691 candidatis

171 3722 336 3776 proponere,
358 3705 428 3779 quod
450 3722 502 3761 non
526 3706 599 3777 prius
620 3706 675 3778 ipse
695 3721 782 3762 nerum
802 3721 858 3760 eise
876 3721 975 3777 capno·
1027 3707 1094 3763 nulli
1107 3721 1197 3776 apeme
1210 3703 1397 3776 parcendum
1425 3719 1528 3775 paucos
1542 3703 1686 3759 admodum
1701 3704 1760 3760 sine
1782 3703 1823 3759 lae

170 3776 259 3830 naret.
1027 3778 1095 3833 bore
1108 3775 1401 3832 etuelutdorinientcs
1439 3773 1675 3831 retiosissinroillo
1691 3776 1820 3830 thesauro

209 3843 342 3919 lxxvi.
370 3845 412 3900 ilii
436 3845 607 3902 caenodorus
636 3844 804 3902 bibliothecas
832 3843 924 3900 domae
948 3852 976 3900 et
1026 3862 1077 3973 pro
1092 3847 1198 3902 areanis
1224 3854 1253 3902 et
1272 3791 1492 3901 inscrutabilibus
1506 3844 1605 3901 mentis
1619 3843 1821 3901 diriuacousi·

1037 3935 1045 3972 ι

1456 3143 1573 3200 acillime
1588 3144 1751 3215 perlegeret,
1773 3145 1823 3200 ob·

175 3913 308 3972 muana
327 3913 457 3971 intumit.
472 3916 704 3984 Quemadmodum
724 3931 779 3972 nou
796 3915 824 3970 in
840 3916 897 3970 otio
912 3924 973 3970 tau·
1048 3934 1070 3972 is
1082 3916 1262 3987 locupletatos
1274 3914 1357 3972 inisse
1373 3931 1451 3979 teos,
1463 3915 1485 3970 si
1501 3922 1606 3970 tantum
1617 3913 1821 3970 munusdecus·

175 3995 231 4041 tum
242 3984 405 4052 vivariensi,
416 3986 463 4042 sed
476 3994 503 4041 et
513 3986 617 4069 aulicos
626 3988 697 4070 iuter
706 3985 835 4055 strepitus
845 3986 975 4041 scientias
1025 3988 1103 4056 satis,
1117 3996 1147 4043 ut
1168 3987 1245 4070 aiunt
1258 3985 1378 4069 brachiis
1388 3986 1495 4067 coelitus
1514 3993 1676 4055 accepturos
1690 3999 1721 4040 se
1731 3983 1819 4066 cond·

174 4056 595 4196 atltttltttllaitt
608 4053 976 4195 llllslltltitilit
1025 4056 1822 4205 litt‘restittitilllistttt.illitales?

176 4197 265 4262 sidiis,
281 4197 474 4279 bibliothecam
488 4198 657 4281 instmuertr,
671 4212 725 4252 non
739 4195 858 4264 ambigo.
871 4193 974 4278 itoma-
1026 4197 1329 4280 preeorassidueuerba
1343 4197 1428 4267 ipsius
1441 4202 1506 4251 sunt
1518 4192 1642 4277 (flPrietat.
1653 4191 1819 4275 ,Diastittg

176 4264 974 4406 unitatatis'lttttttiltiid
1025 4268 1417 4411 penitententia?
1429 4263 1822 4403 utititbtltttltllt

175 4416 294 4463 uenuste
317 4408 421 4478 pariter
444 4407 628 4464 dubitaturum
650 4408 787 4462 nemiuem
812 4421 894 4471 reor,
921 4405 972 4462 nisi
988 4401 1013 4464 D
1029 4424 1092 4463 rum
1117 4404 1211 4476 inligat
1233 4406 1340 4471 animis,
1361 4404 1519 4474 praclarum
1534 4402 1648 4461 hanel).
1663 4400 1821 4475 llierouymi

176 4477 246 4561 torte
261 4477 380 4560 uoluerit
392 4486 496 4534 temere
508 4481 622 4534 omnino
636 4492 774 4542 asserere,
789 4476 839 4532 hac
854 4476 881 4531 in
896 4476 975 4587 urbe,
1026 4476 1132 4603 qroiert
1152 4471 1818 4603 ⁸²22⁰3¹22¹3„(,L,⁵,⁶·,{’³5„ss12⁸,5122,³,2,'„,‘2,”,⁸,⁰

176 4549 324 4686 qulde’stquq
353 4545 408 4674 ric?
410 4548 650 4675 qusqqqqqssrgqqq'n
663 4547 745 4674 {regie
753 4546 832 4686 ,uiis
844 4545 976 4674 3150qu
1028 4557 1199 4688 eqqqthuqrue
1212 4565 1338 4688 tii'iipere
1357 4586 1424 4672 nibil
1438 4614 1547 4686 penitus
1559 4579 1821 4740 pretermittendum

176 4698 316 4749 incruento
339 4690 436 4745 abesse
458 4686 623 4746 Cassiodoro
646 4701 700 4743 non
722 4688 814 4757 licuit,
838 4700 975 4742 musarum
1028 4689 1068 4746 sic
1081 4703 1175 4745 eorum
1189 4687 1310 4745 inculcat
1318 4685 1441 4755 auribus,
1457 4692 1487 4740 ut
1500 4685 1556 4740 nihi
1580 4680 1822 4757 antiquius,nihil

175 4761 316 4817 damnum
331 4758 530 4823 charissimum,
543 4759 830 4842 necuoaacerrimqm
843 4756 975 4813 lautorern
1029 4757 1115 4841 magis
1128 4758 1179 4829 ipsi
1194 4757 1272 4814 cordi
1293 4757 1503 4840 csserideatur.
1525 4754 1649 4839 ltacnim
1671 4751 1821 4840 monachos

176 4824 976 4967 emittitis.:italiitttttttit'tuiti
1028 4844 1094 4970 itit
1108 4823 1820 4971 ettailttltllt..histilia-tlt.

176 4970 229 5028 'am
245 4970 438 5033 absconditus,
455 4968 542 5024 boma
554 4968 738 5050 minansque
751 4968 869 5049 intactos
882 4981 897 5049 a
910 4967 974 5021 bar·
1026 4971 1203 5041 exquiramus,
1214 4980 1243 5049 ut
1252 4969 1287 5024 ait
1300 4969 1351 5025 tale
1365 4977 1515 5035 tantuinpae
1525 4980 1629 5033 munus,
1641 4964 1752 5021 licutino
1765 4962 1821 5017 lar·

211 5035 975 5167 ¹³⁸uitali‘sustitinebatllltttff
1025 5042 1119 5165 ...iq
1156 5055 1515 5174 reattulit...
1525 5056 1650 5161 ...nn
1664 5101 1822 5160 amn.

175 5126 414 5265 qilgmdgcmlimjns
427 5190 524 5263 auctor
537 5180 659 5245 Albinus,
675 5177 719 5235 cui
732 5178 827 5263 titulus
843 5149 878 5235 ’de
896 5174 976 5260 Mitti:
1024 5181 1053 5237 in
1061 5111 1097 5237 ἓ
1111 5149 1257 5252 Scriptura
1265 5181 1374 5236 scientia
1389 5177 1554 5304 fs⁰s⁸⁶³⁶¹¹⁸·
1565 5161 1665 5258 licque
1684 5188 1820 5301 emensus

173 5251 334 5378 mitt
349 5246 974 5395 emittit<tribulassent
1027 5249 1318 5392 mamam
1334 5248 1685 5387 ‘iniustitiae
1698 5254 1821 5373 itt

176 5393 340 5477 repererint.
361 5393 397 5448 At
414 5391 592 5474 subsistamus
610 5391 654 5474 bic
668 5392 821 5516 paulisqer,
835 5389 858 5446 si
873 5388 973 5467 placet,
1027 5389 1330 5473 scientiisprogressum
1351 5388 1448 5470 iecisse
1464 5385 1613 5442 monachos
1627 5402 1709 5469 ⁸.⁰.⁰⁸·
1719 5398 1748 5441 ui
1759 5384 1821 5441 illos

174 5472 205 5521 et
216 5462 384 5530 singularem
398 5461 503 5542 abbatis
520 5478 547 5517 ur
560 5462 752 5518 subministrari
771 5477 795 5518 rs
807 5466 974 5516 monasterio
1026 5460 1173 5515 annuarum
1183 5467 1208 5511 et
1221 5458 1395 5542 ιιιιιιιαιιιιηιιιι
1408 5455 1554 5538 litterarum
1564 5466 1711 5540 romanens
1724 5454 1823 5529 pollere

176 5531 341 5591 secmariis
358 5532 434 5616 libris
447 5530 612 5617 diligentiam
631 5531 729 5615 intenti
746 5528 972 5611 contemplemur.
1026 5530 1159 5613 fateatur5
1169 5542 1285 5601 quaeque
1296 5528 1464 5612 ipseleriter
1478 5526 1561 5584 ducto
1570 5542 1601 5583 se
1615 5529 1756 5585 inchoasse
1770 5538 1821 5595 pe·

175 5602 250 5673 Quid
263 5617 337 5657 emm
351 5602 388 5659 lbi
403 5617 419 5658 a
433 5600 634 5659 troarnensibus
654 5608 788 5675 potuisset
806 5598 973 5658 desiderarit
1026 5599 1247 5668 urcdlodioeret,
1261 5608 1291 5655 ut
1339 5608 1432 5654 rurore
1452 5613 1534 5654 manu
1546 5596 1725 5670 perlicerent,
1739 5609 1823 5724 Ἥ

176 5689 240 5733 erim
254 5671 344 5734 attath
364 5672 448 5734 modo
467 5671 557 5730 uerbis
574 5672 682 5746 subdat,
702 5672 725 5734 si
745 5671 836 5733 tcum
858 5668 972 5728 hostiles
1024 5671 1096 5730 uerit
1108 5672 1151 5731 his
1163 5669 1285 5743 magistri
1330 5667 1751 5744 minuentiumque
