4059 6184
147 278 215 335 111117

664 274 827 335 utstottta
846 271 1066 330 retrahatis.
1086 268 1188 326 utnnn
1210 269 1263 325 tul.

1713 265 1783 324 luat

146 408 181 451 ne
192 392 263 451 torte
277 392 410 451 seditione
424 391 493 449 lacta
508 393 660 465 respublica
674 402 828 450 vexaretur.
842 389 939 446 ieram
956 395 977 451 Λ
994 398 1077 445 tutem
1089 386 1241 441 lmtaminis
1251 382 1398 454 spiritualis
1407 381 1565 440 ostetmlens.
1575 382 1784 449 instamus-rus,

147 486 311 543 Athanasius
324 485 464 543 consulatu
477 486 599 543 Gratiani
609 486 729 543 secundo
743 492 771 539 et
784 481 864 541 l’robi
875 480 936 551 (tta.
991 481 1036 537 hb.
1050 495 1085 546 tr,
1102 494 1160 546 cop.
1179 478 1221 531 19.
1238 473 1311 531 Edu.
1326 472 1421 530 crarta.
1441 470 1528 529 Voles.
1544 489 1603 542 cap.
1619 474 1665 538 91,
1679 492 1706 542 μ.
1723 473 1784 530 176.

149 576 224 632 Dona
238 578 315 649 571),
327 586 388 647 post
401 576 497 632 crebra
512 591 561 645 pro
574 576 701 634 Ecclesiae
711 583 783 635 statu
793 574 939 631 certamina

145 666 200 723 hac
214 666 334 733 priratns
348 675 389 723 est
405 666 472 734 sita,
492 680 554 725 eunt
568 665 747 739 qnadraginta
759 675 787 723 et
799 677 848 723 sea
863 662 941 719 suuis

150 773 198 830 per
213 756 296 815 multa
312 757 429 828 pericula
443 757 535 817 aedem
550 758 665 815 rexisset
679 755 874 829 episcopalem.
890 754 942 810 So·

148 862 261 915 enaret,
275 849 321 905 tio.
336 865 373 916 tt,
388 864 447 920 cap.
465 847 509 905 lu.
523 846 595 903 Edit.
611 848 705 903 tuma.
725 846 812 903 Valet.
826 862 884 918 cap.
897 844 941 909 19,

151 957 176 1011 μ.
191 940 257 997 ²30.

366 1074 446 1147 317
463 1074 578 1133 carna
597 1072 730 1131 xxttn.

1259 609 1373 666 CAPUT
1396 609 1519 667 Xthli.

996 708 1059 774 Ottre
1075 706 1199 762 narreris
1220 705 1343 828 praecox
1357 704 1469 787 eremitae
1488 705 1644 759 intercilium
1667 720 1683 758 a
1707 704 1787 785 Larcio

1342 784 1454 830 mltnntr.

1033 886 1116 957 llnjrrs
1139 862 1204 957 erga
1227 884 1276 940 loci
1297 893 1363 939 tnnc
1386 883 1497 949 inertias,
1514 899 1643 954 sequaces
1668 884 1787 953 latonii,

995 978 1089 1036 inlelia
1109 978 1208 1033 Lucius
1221 975 1336 1045 espuli13
1348 991 1496 1047 eorumque
1515 978 1701 1032 sanctissimos
1721 993 1790 1048 pras·

995 1072 1073 1126 sales
1096 1070 1238 1125 llacarium
1261 1067 1451 1131 uenerabilem,
1475 1067 1611 1139 aliumque
1634 1060 1807 1134 blacariurn(
1889 1139 1893 1148 Ι
1995 1104 1997 1149 3

150 1163 193 1222 die
205 1167 256 1234 fine
270 1164 407 1221 Athanasii
421 1166 606 1230 Alexandrini,
620 1175 643 1220 et
655 1165 814 1220 successione
827 1162 908 1229 Petri,
923 1173 945 1217 et
997 1160 1129 1217 isidorum
1152 1169 1181 1216 et
1202 1170 1316 1214 eeteros
1336 1159 1369 1214 de
1392 1159 1526 1227 speluncis
1548 1158 1604 1214 suis
1623 1158 1745 1231 epolono,
1763 1162 1790 1216 iu

186 1236 312 1292 *11111011
334 1248 423 1291 ‘mm
436 1253 495 1291 Μ
520 1242 644 1307 19119161
667 1237 736 1304 ‘Md
758 1236 867 1290 11911991
888 1250 947 1305 919·
997 1251 1140 1324 quamdam
1155 1251 1269 1306 insulam
1288 1267 1348 1322 que
1366 1251 1399 1307 ab
1414 1252 1502 1322 impiis
1516 1252 1683 1310 habitabatur
1704 1254 1791 1309 honri-

187 1306 267 1377 {eetaa
280 1307 323 1361 sit.

187 1396 254 1455 Cum
275 1397 356 1465 tqttm
372 1395 399 1453 in
413 1395 578 1454 Alexandria
593 1395 679 1453 vietor
698 1394 873 1459 Athanasius,
888 1404 948 1462 post

152 1486 238 1542 multa
252 1484 399 1543 certamina
420 1485 628 1550 innumerasque
639 1499 765 1550 coronas,
781 1485 842 1541 sita·
858 1484 949 1542 termi-

155 1591 217 1631 num
229 1559 446 1646 suscepissenet
459 1575 492 1632 ad
513 1574 635 1632 labarum
650 1588 760 1631 suarna
773 1575 885 1643 praemia
899 1575 948 1631 de·

155 1667 306 1739 migrasset,
320 1668 441 1737 suscepit
459 1666 555 1723 Petrus
576 1668 617 1722 tir
634 1666 753 1738 optimus
766 1668 948 1738 praesulatum,

154 1774 235 1831 quem
250 1758 351 1814 dudum
372 1758 417 1815 ille
441 1759 535 1815 beatus
549 1757 678 1830 elegerat,
693 1757 798 1815 eunctis
819 1773 868 1813 nna
883 1772 948 1813 eon·
965 1772 988 1834 Β

155 1850 335 1907 sentientibus
348 1859 377 1907 et
390 1849 588 1914 sacerdotibus,
603 1859 631 1905 et
642 1848 787 1915 nobilibus,
801 1857 950 1919 cunctaque

156 1942 245 2015 plebe,
261 1953 290 2000 et
304 1931 396 2000 latore
418 1956 469 1998 sno
488 1939 624 2012 propriant
637 1939 842 1996 ostendentibus
857 1938 951 1996 trilun-

155 2044 250 2090 ettom.
265 2035 289 2091 la
303 2033 376 2091 enim
389 2031 529 2089 Athanasii
544 2031 687 2088 sudoribus
702 2030 836 2102 particeps
850 2029 908 2095 init,
924 2039 951 2087 et

154 2124 307 2180 dunreaet
325 2123 485 2188 incivitate,
501 2131 528 2178 et
553 2121 616 2177 dnn
638 2121 744 2179 diuersa
763 2121 872 2178 latibnb
890 2137 952 2193 per·

155 2223 272 2285 agraret,
281 2213 479 2285 multifariaque
488 2213 605 2284 pericula
616 2228 677 2268 cum
686 2227 720 2270 co
731 2213 868 2269 sustinuit.
881 2212 952 2280 Qua·

156 2315 267 2378 propter
288 2307 378 2363 cuncti
400 2307 573 2363 smerdotntn
599 2315 817 2373 construentes,
842 2305 951 2375 dignum

158 2397 293 2455 heredem
317 2397 425 2455 Petrum
454 2397 593 2457 Athanasii
613 2398 808 2454 obmarernnt.
831 2396 953 2455 arnono

158 2505 253 2556 serus,
269 2489 314 2545 111.
327 2504 367 2556 tr,
380 2505 441 2559 cap.
458 2490 501 2546 ts.
519 2486 592 2545 Edit.
609 2488 704 2545 Christ.
730 2486 815 2547 tun.
832 2504 890 2558 cap.
905 2487 952 2555 91,

156 2595 186 2650 μ.
203 2579 266 2636 175.
411 2648 416 2655 ¹

193 2665 315 2737 Cumque
336 2682 397 2725 enm
422 2667 449 2723 in
475 2668 622 2738 pontillcali
648 2669 714 2726 sede
735 2668 952 2739 mussitassent,

158 2770 271 2829 repente
288 2758 372 2831 judea
389 2759 537 2831 prouincias
559 2775 724 2832 paganorum
744 2763 871 2831 populum
886 2775 953 2817 cort·

157 2864 283 2923 gregans,
308 2859 335 2907 et
350 2852 451 2920 pariter
475 2849 642 2918 iudeorum,
657 2851 780 2909 ecnmtae
803 2860 880 2924 septa
901 2853 942 2909 cir

157 2941 308 3013 carnutum,
334 2941 443 2999 Petrum
468 2941 543 2999 exire
571 2940 742 3014 praecipiens,
767 2943 957 3015 nolentemque

159 3034 350 3090 interminatus
369 3042 411 3090 est
423 3044 453 3091 nt
468 3034 645 3091 abstraheret.
662 3032 790 3092 Faciebat
808 3037 859 3093 lano
872 3035 957 3107 impe·

159 3124 244 3181 ratori
259 3126 364 3195 placere
376 3124 480 3191 rolens,

159 3216 272 3272 tarnttati
285 3214 470 3272 submitteret.
486 3215 564 3285 Quod
580 3225 670 3273 autent
686 3220 780 3275 teratu
794 3222 851 3284 est.
863 3216 958 3288 impte-

159 3309 224 3363 tatis
239 3309 277 3361 ira
292 3306 444 3376 completur
465 3324 473 3362 :
489 3309 567 3365 idolis
584 3307 677 3376 potius
691 3307 797 3379 placere
811 3307 957 3376 nitebatur,

159 3410 188 3455 et
203 3406 390 3469 tempestatem
402 3398 531 3455 Ecclesia
542 3399 643 3455 claram
658 3400 767 3470 putabat
780 3415 841 3461 csse
857 3399 959 3459 lestini-

162 3501 256 3547 tateno.
274 3491 370 3547 Petrus
393 3491 484 3564 itaque
511 3493 552 3549 ric
570 3493 721 3564 multandus,
737 3496 902 3567 insperatum
917 3511 960 3553 re·

162 3581 281 3652 spiciens
290 3579 401 3647 bellum,
414 3579 529 3639 latenter
541 3596 667 3653 egressus
676 3596 727 3651 ost,
739 3596 766 3640 et
776 3584 960 3643 conscendens

164 3688 272 3739 navem,
286 3671 422 3743 proiectus
435 3680 477 3730 est
495 3673 618 3730 bornam.
631 3673 841 3745 Tusonoasrns,
859 3678 906 3734 lii.
922 3693 960 3744 te,

163 3779 224 3833 cop.
240 3762 284 3819 19.
300 3761 374 3817 11111.
391 3760 489 3819 Christ.
508 3763 594 3820 Valet.
608 3781 668 3834 cap.
683 3766 730 3831 11,
741 3783 769 3838 μ.
785 3767 846 3823 171.

423 3897 537 3957 cauus
558 3899 703 3957 xxxttll.

167 3989 492 4058 praenominatarum
505 3993 690 4049 Absandrinm
700 3997 779 4067 [serit
788 3996 960 4055 introductus.

202 4103 358 4158 Transactis
376 4118 442 4157 uero
456 4103 552 4160 diebus
567 4106 668 4174 paneis,
685 4104 800 4163 Ettzoias
814 4108 848 4163 ah
865 4108 961 4163 Antio·

165 4193 227 4249 eltia
250 4194 322 4248 uenit
337 4208 398 4250 cum
421 4193 515 4264 bucin,
531 4204 559 4251 et
581 4196 710 4253 ecelesias
733 4199 758 4253 ei
780 4200 961 4267 contratlidit3

165 4290 243 4360 cujus
266 4290 347 4345 etiarn
372 4290 537 4362 impletatem
557 4287 726 4348 samosateni
742 4303 891 4349 noscuntur
912 4309 962 4349 ex·

167 4381 247 4451 perti.
273 4378 390 4449 Populus
412 4392 501 4438 antem
525 4380 656 4438 doctrinis
682 4384 799 4454 primunt
822 4385 961 4440 Athanasii

167 4472 294 4539 satiatus,
310 4472 408 4528 deimte
423 4471 561 4529 lastidiens
572 4474 660 4530 cibum
673 4473 782 4531 sibimet
794 4475 885 4531 ollerri
898 4488 963 4531 con·

168 4562 299 4627 tranium.
324 4562 358 4618 ab
386 4564 576 4620 ecclesiasticis
601 4565 723 4636 collegiis
752 4580 783 4622 se
810 4566 962 4638 suspendit.

169 4652 254 4709 l’orro
274 4652 372 4708 unctas
393 4653 532 4723 armigeris
555 4663 635 4711 utens
647 4655 798 4711 cultoribus
820 4656 964 4721 idolorum,

168 4744 239 4798 atina
260 4741 430 4809 verberabat,
451 4742 522 4799 atta
545 4745 738 4816 suspendebat,
762 4747 832 4804 alios
854 4749 967 4820 cogebat

906 1383 909 1389 -
998 1342 1255 1411 nibusdestinatit;
1275 1344 1374 1414 qnippe
1398 1359 1458 1414 qua
1483 1359 1618 1415 nunquam
1634 1347 1790 1418 magistrum

999 1443 1157 1505 susceperat
1172 1433 1289 1504 pietatis.
1311 1433 1431 1506 Cumque
1455 1436 1531 1492 uaris
1555 1436 1581 1492 in
1602 1437 1676 1497 liuns
1696 1438 1791 1493 insula·

1000 1526 1178 1594 peruenisset,
1194 1524 1311 1592 damon,
1328 1525 1373 1595 qni
1386 1525 1420 1580 ab
1437 1525 1488 1581 illis
1503 1525 1696 1596 bunatrnbatur,
1710 1530 1791 1585 relin-

1000 1631 1088 1686 quens
1108 1616 1219 1682 idolum,
1235 1616 1279 1670 uhi
1295 1615 1395 1670 dudunt
1411 1616 1534 1673 ltab‘tare
1555 1631 1740 1687 etrttsuersrat,
1761 1623 1792 1678 fl·

1003 1708 1066 1763 liam
1077 1709 1118 1762 sni
1130 1708 1277 1763 sacerdotis
1286 1707 1395 1776 irrrasit,
1408 1719 1435 1763 et
1446 1707 1622 1765 bacchantem
1635 1710 1698 1767 illue
1709 1728 1793 1782 nsque

1004 1797 1129 1866 perduxit
1153 1800 1197 1853 nbi
1223 1798 1299 1855 tranis
1321 1798 1468 1855 advenerat
1490 1802 1694 1858 tnattaehorum.
1719 1802 1793 1860 Tunc

1002 1890 1109 1945 dasnton
1125 1902 1202 1946 utens
1225 1893 1311 1959 linqua
1328 1889 1422 1962 puella
1437 1891 1580 1961 clamabat,
1596 1894 1667 1950 sicut
1686 1894 1713 1951 in
1729 1895 1789 1952 Phi·

1003 1982 1083 2052 lippis
1111 1998 1158 2050 per
1179 1984 1377 2056 l‘ptlrtmissarn.
1399 1985 1604 2058 audebantque
1629 1991 1718 2047 enneti
1744 1992 1794 2048 riri

1003 2071 1084 2128 simul
1104 2081 1184 2143 attpre
1206 2073 1332 2130 mulieres
1352 2073 1501 2131 damonem
1518 2077 1751 2147 proclamantem:
1773 2085 1794 2135 tl

1005 2162 1150 2230 potentlatn
1175 2173 1302 2230 vestram,
1325 2164 1471 2221 ontlnlstri
1494 2166 1620 2222 Christi:
1644 2170 1795 2242 undiquea

1004 2254 1081 2309 robis
1094 2254 1253 2324 expellimur
1274 2273 1289 2308 a
1312 2256 1465 2312 ciuitatibus
1478 2265 1559 2329 atque
1581 2259 1658 2330 sicis,
1679 2276 1694 2315 a
1720 2279 1795 2319 mnn-

1005 2342 1077 2398 tibus
1090 2342 1168 2399 sitarul
1182 2352 1210 2399 et
1224 2345 1348 2412 collibus,
1363 2345 1398 2400 ah
1419 2361 1521 2413 eremo,
1540 2363 1599 2418 qna
1619 2351 1720 2421 privata
1736 2369 1796 2424 pro·

1005 2435 1085 2491 batur
1098 2434 1261 2491 homnibus.
1279 2435 1458 2506 Speraltnmus
1472 2437 1500 2493 iu
1515 2437 1566 2496 bac
1579 2439 1664 2496 insula
1678 2456 1797 2500 commo·

1005 2535 1109 2595 rantes,
1131 2543 1146 2581 a
1167 2526 1373 2599 restrlsjacnlis
1385 2527 1492 2585 liberari
1508 2544 1578 2602 aqna
1592 2546 1641 2602 spe
1661 2535 1797 2591 noscimm

1004 2631 1066 2674 esse
1090 2617 1220 2674 lrtrstrati.
1238 2617 1296 2676 ilue
1311 2634 1359 2674 uos
1379 2629 1565 2689 persecutores
1587 2622 1798 2692 ratiscran1,nnn

1006 2718 1037 2764 ut
1050 2724 1098 2764 ros
1110 2719 1251 2781 ¹restarent,
1271 2710 1318 2766 sed
1339 2720 1370 2765 nt
1391 2725 1441 2767 nos
1463 2726 1510 2782 per
1524 2727 1572 2768 sos
1587 2714 1670 2784 napis
1682 2716 1798 2787 erpelle

1006 2809 1077 2853 rent.
1094 2798 1164 2856 llere
1182 2799 1333 2855 recedimus
1353 2799 1387 2856 ab
1408 2802 1458 2856 hac
1474 2800 1580 2870 insula;
1600 2804 1706 2861 uirtutis
1727 2806 1799 2861 enim

1007 2898 1104 2947 vestrm
1118 2887 1200 2944 radiis
1209 2887 1370 2959 jaculantur.
1385 2888 1447 2945 llaec
1457 2889 1580 2947 dieentes
1594 2902 1622 2947 et
1634 2886 1677 2950 bis
1689 2894 1799 2961 similia,

1009 2981 1179 3050 puellamque
1194 2980 1220 3036 ln
1236 2991 1306 3038 terra
1322 2992 1534 3052 prosternentes,
1554 2984 1604 3055 ipsi
1624 3001 1731 3059 quoqne
1743 3004 1801 3045 ortt·

1009 3073 1074 3128 nino
1097 3070 1297 3141 disparuerunt.
1320 3070 1398 3126 Tunc
1418 3072 1463 3128 ills
1485 3074 1679 3131 sacratissimus
1702 3076 1802 3135 ehorua

495 3125 559 3183 (¹¹¹¹ss
573 3126 600 3184 0¹
614 3125 750 3185 1011111111
762 3125 992 3212 11111111*Ψο
1009 3164 1130 3221 oratiorte
1143 3164 1212 3221 lacta
1228 3162 1369 3220 suscitavit
1381 3164 1508 3235 puellam,
1522 3176 1549 3221 ct
1561 3181 1612 3222 suo
1625 3169 1693 3239 patri
1708 3184 1801 3225 sarram

1009 3256 1197 3325 saletttemqun
1225 3253 1354 3312 restituit.
1380 3254 1480 3312 Veram
1507 3257 1546 3313 illi
1569 3259 1614 3330 qui
1643 3260 1802 3316 miraculum

1009 3359 1216 3418 conspexerant,
1232 3348 1266 3403 atl
1284 3360 1438 3404 sanctornm
1455 3351 1586 3419 provoluti
1601 3349 1694 3421 pedes,
1709 3353 1803 3408 salutis

1011 3442 1135 3498 piraticum
1151 3456 1181 3498 se
1195 3441 1333 3512 percipere
1345 3441 1540 3513 supplicabant.
1557 3441 1591 3497 ut
1605 3444 1730 3513 ternplum
1744 3442 1803 3514 qui·

1011 3534 1073 3591 dem
1088 3534 1241 3593 dantnnum
1259 3534 1467 3601 destruxeram
1490 3533 1618 3590 doetrinae
1636 3550 1702 3591 nera
1721 3536 1804 3592 radiis

1012 3623 1165 3689 illuminati,
1180 3623 1249 3679 sacri
1264 3622 1433 3693 baptismatis
1445 3623 1529 3694 gratia
1543 3632 1606 3679 sunt
1620 3625 1705 3695 potiti.
1719 3624 1766 3681 llis
1777 3627 1804 3684 itt

1012 3714 1079 3769 urhe
1101 3713 1242 3778 nuntians,
1257 3727 1352 3770 omnes
1366 3713 1458 3785 populi
1479 3714 1633 3786 congregati
1658 3714 1740 3773 Lucio
1754 3716 1805 3773 de·

1013 3803 1156 3860 trahebant
1176 3821 1183 3860 :
1207 3803 1327 3860 dicentes
1347 3804 1416 3859 iram
1431 3804 1483 3859 sibi
1504 3806 1646 3863 imminere
1665 3806 1805 3876 diuinitas,

1013 3892 1064 3950 nlsi
1088 3905 1243 3950 sanctornm
1262 3903 1443 3950 reverteretur
1456 3893 1566 3951 chorus.
1588 3894 1633 3952 Sic
1645 3897 1737 3967 itaque
1750 3914 1806 3954 me·

1014 3996 1092 4041 tuens
1107 3987 1248 4041 tuntnltum
1266 3986 1382 4041 cititatis
1398 3985 1506 4055 Ltteius,
1523 3988 1721 4046 sacratissimos
1734 3990 1807 4046 siros

1012 4079 1047 4130 ad
1062 4090 1126 4133 suas
1137 4076 1280 4147 speluncas
1292 4092 1413 4137 remeare
1428 4078 1564 4149 pracepit.
1582 4078 1616 4134 lit
1629 4080 1686 4137 buc
1698 4083 1806 4153 quidem

1013 4177 1077 4222 sunt
1088 4167 1168 4239 digna
1179 4184 1239 4237 quae
1253 4169 1480 4226 abominationem
1496 4172 1567 4228 illius
1583 4173 1728 4242 impietatis
1742 4191 1809 4247 ape·

1015 4260 1095 4314 ciant.
1110 4258 1319 4325 Tusonoesros,
1344 4261 1390 4317 lih.
1417 4274 1453 4327 rr,
1477 4278 1536 4333 cap.
1561 4263 1601 4319 19.
1624 4262 1695 4319 Edit.
1711 4266 1807 4324 Christ.

1022 4351 1105 4409 Voles.
1121 4369 1177 4424 cnp.
1194 4354 1240 4418 21,
1253 4371 1280 4424 μ.
1303 4352 1364 4410 176.

1316 4487 1431 4547 catut
1455 4485 1511 4543 xl.

1016 4579 1209 4637 1191111111νό
1230 4581 1400 4637 Abuaadrini
1413 4580 1553 4651 panium,
1576 4581 1603 4634 in
1627 4582 1718 4652 quibus
1739 4584 1815 4641 busli

1293 4649 1364 4705 ninia
1377 4658 1533 4723 repararetur.

1055 4747 1246 4802 verumtamen
1269 4745 1485 4816 presumptionis
1508 4743 1567 4816 ejtas
1591 4745 1746 4819 iniquitates
1769 4747 1813 4803 lit·

167 4833 299 4906 effugere,
315 4836 428 4891 aliorum
450 4850 514 4892 tero
538 4838 624 4894 instar
645 4839 820 4897 harbarorum
842 4842 968 4897 tastum
1019 4845 1084 4894 tera·
1099 4836 1172 4894 Petri
1185 4834 1315 4893 manabilis
1329 4835 1492 4892 educebant.
1506 4839 1624 4904 ulnarum
1640 4852 1690 4908 eqo
1708 4837 1813 4908 lonqin-

169 4926 276 4981 damos.
291 4926 344 4983 Sed
366 4927 424 4985 lusce
443 4928 540 4985 melina
555 4931 596 4985 tir
614 4930 746 4989 mirabilis
761 4931 857 4989 Petrus
877 4932 904 4988 in
918 4948 966 4988 sna
1018 4928 1149 4999 quitatum
1162 4925 1276 4998 lugiens,
1292 4941 1354 4996 quoa
1368 4927 1397 4981 iu
1420 4928 1509 4983 medio
1525 4928 1610 4996 pasita
1633 4935 1696 4983 suut
1714 4942 1814 4998 ponere

170 5016 291 5073 narrabit
310 5018 436 5090 epistola.
461 5018 519 5092 Ego
533 5028 623 5078 tamen
644 5038 727 5078 unum
741 5023 873 5080 scelerum
893 5023 967 5080 Lucii
1020 5038 1073 5079 raon
1087 5025 1223 5079 omittam.
1237 5021 1445 5087 laceraturus,
1462 5023 1508 5076 liu.
1529 5034 1566 5089 tt,
1590 5038 1649 5093 cop.
1671 5022 1715 5085 lt.
1739 5022 1813 5081 Edit.

171 5107 305 5176 reterens,
332 5111 473 5182 epistolam
502 5110 576 5170 amn
599 5129 707 5185 ponam.
733 5114 789 5172 iiri
810 5117 918 5191 quidam
940 5117 967 5173 ln
1019 5114 1117 5171 Christ.
1135 5112 1351 5185 1α1αα.ααμ.11,
1370 5130 1398 5184 μ.
1417 5114 1476 5169 177.

169 5200 289 5274 AEpypto
302 5204 536 5262 eonrcrsationem
553 5206 688 5265 imitantes
707 5210 875 5281 angelorum,
889 5221 917 5267 et
930 5212 970 5267 ci·
1056 5205 1216 5270 nrortneia.
1231 5203 1328 5275 lnquit,
1342 5202 1426 5270 index
1446 5202 1666 5271 ratramnum
1681 5212 1756 5263 essm
1770 5221 1809 5261 re·

170 5293 264 5347 altatis
274 5294 407 5352 esitantes
422 5296 525 5362 turbas,
542 5298 625 5354 sitam
640 5314 721 5372 apere
734 5300 761 5356 ln
775 5315 868 5360 eremo
882 5302 970 5373 potius
1021 5299 1121 5370 titione
1144 5310 1274 5369 manus,
1290 5304 1318 5352 ct
1340 5294 1411 5353 idola
1434 5310 1542 5367 seatpm
1561 5295 1695 5366 adoraret,
1719 5306 1814 5355 contra

172 5384 325 5456 elegerunt,
339 5400 535 5461 arenosamque
561 5399 661 5448 terram
683 5400 712 5449 et
732 5394 852 5450 sterilem
875 5393 970 5451 tructi-
1022 5389 1158 5445 Christano
1183 5386 1282 5460 sepius
1303 5387 1431 5447 dimicare
1452 5386 1615 5456 eonab.ttur;
1637 5398 1665 5446 et
1687 5389 1816 5460 colligens

173 5477 259 5535 lerant
271 5478 457 5546 reddiderunt,
470 5481 585 5539 tractum
596 5484 695 5556 qnippe
708 5486 764 5542 Deo
781 5486 969 5549 ammianum
1024 5479 1181 5551 pradictum
1197 5479 1336 5551 populum,
1353 5477 1483 5550 lmpetnm
1504 5478 1566 5536 lecit
1588 5478 1717 5538 auroram
1729 5482 1816 5539 eecle-

173 5570 283 5626 rirtutis
295 5585 389 5628 eorum
401 5580 429 5628 et
441 5574 571 5643 optimum
584 5575 758 5635 referentem.
774 5578 857 5650 Cttjus
870 5580 970 5636 deseui
1022 5575 1101 5639 siarn,
1116 5586 1240 5643 tanquam
1260 5569 1281 5626 si
1297 5572 1425 5627 barbaros
1446 5571 1562 5629 subdere
1583 5573 1724 5629 niteretur.
1740 5571 1817 5631 Totae

172 5660 250 5716 tntrlti
272 5660 380 5733 quidem
401 5662 528 5720 tltleruur
551 5681 613 5724 esse
632 5671 758 5727 ructares.
779 5670 863 5728 Scala
888 5686 971 5742 puero
1025 5666 1114 5736 itaque
1136 5663 1220 5720 multa
1239 5662 1356 5721 crudelia
1377 5674 1452 5737 qesta
1472 5670 1546 5731 sunt,
1566 5679 1626 5737 ‘1¹¹2
1648 5663 1817 5721 luiumsswdu

174 5753 230 5809 illic
244 5753 972 5830 creritbntoninsillelamosissimns,monachism-
1024 5762 1125 5817 diet·rc
1150 5760 1254 5829 solens,
1278 5758 1335 5829 ipsa
1360 5759 1398 5814 rei
1425 5758 1555 5815 anemoria
1580 5757 1674 5816 dolore
1700 5758 1817 5822 matiana

312 5849 449 5914 larana.
473 5849 588 5911 lxtx.
879 5889 882 5897 -
1320 5854 1327 5867 ’
1579 5848 1618 5912 35

1800 6084 1873 6093 ..—·—·
