4059 6184
265 323 294 375 tt
352 346 357 356 ·
957 314 1106 373 rtcruus
1123 315 1222 370 rarsi.
1849 326 1877 381 p

265 442 395 495 deicerent
416 436 452 493 ad
475 435 654 493 lastinianum
669 437 871 506 imperatorem.
892 433 977 502 Quem
992 449 1055 488 cum
1073 439 1093 497 ,t
1108 431 1179 486 male
1191 431 1248 500 agit
1262 445 1323 487 cum
1337 433 1423 488 serris
1437 436 1491 491 tuis
1504 437 1642 504 itomanis,
1662 451 1689 497 ct
1702 455 1763 497 cum
1773 442 1821 515 ipsa
1834 445 1881 516 plc-

266 528 439 586 adduxissent
457 526 731 598 Constantinopolim,
757 526 866 595 garisus
880 534 923 580 cst
937 525 1056 595 impera·
1108 523 1142 578 bc
1155 538 1214 588 sua,
1228 532 1256 577 et
1269 524 1333 594 quia
1346 524 1508 583 homicidam
1523 529 1596 584 illum
1610 544 1776 589 accusamus.
1798 540 1835 593 Sic
1846 545 1883 590 cst

262 629 320 689 tor,
330 629 358 677 ct
371 620 435 677 lecit
448 634 509 676 curn
525 617 667 689 patricium
680 625 708 670 et
718 615 858 681 comitem,
872 622 900 669 ct
909 613 1060 670 transmisit
1108 614 1136 668 ln
1157 612 1276 669 lurorfflt
1297 630 1402 681 versus,
1427 624 1457 672 nt
1479 617 1557 675 daret
1579 619 1686 692 alapam
1706 630 1877 692 nonnosum

266 725 328 767 eunt
339 709 417 779 juata
431 707 499 764 hocs
514 706 667 771 Pcrsantm,
683 713 711 759 et
722 704 761 759 lbi
775 703 858 759 ritatn
871 700 966 759 linivit.
985 701 1058 758 Beli·
1108 705 1155 774 εει
1168 719 1231 761 mox
1246 705 1279 760 ad
1292 704 1376 776 pedes
1392 705 1451 779 clos
1463 708 1563 767 cadens
1575 713 1732 783 exspirant.
1745 713 1806 770 item
1818 718 1880 775 dedit

264 800 366 856 sarium
381 813 446 855 sero
461 797 635 865 interrogavit
649 796 805 865 imperator,
821 792 958 864 quomodo
968 807 998 849 se
1009 792 1059 845 ha·
1109 800 1236 866 nepotem
1249 808 1326 850 suum
1340 792 1453 866 vigilius
1465 799 1572 856 Asterio
1586 803 1691 857 conardi
1705 801 1785 858 lilium
1798 808 1879 863 nolie-

265 893 343 948 beret
365 907 426 949 curt
453 890 594 955 itomartis,
618 888 662 943 rcl
676 887 814 957 quomodo
828 887 855 941 in
876 886 938 941 loco
950 883 1059 939 Silverii
1108 889 1147 942 ris
1159 887 1265 954 umere,
1278 901 1333 957 quo
1346 905 1409 944 casu
1423 888 1548 956 iaciente,
1564 892 1627 948 tecit
1638 909 1699 949 cum
1710 897 1793 951 teneri
1802 907 1880 963 nocte,

267 985 384 1040 statttisst
394 990 404 1038 t
416 983 550 1052 i'igilium.
570 979 647 1036 Tunc
661 981 761 1049 gratias
775 979 801 1033 ei
814 986 928 1047 ogerum
942 978 1060 1048 impera·
1109 986 1137 1033 ct
1151 979 1243 1033 modin
1261 979 1328 1034 caedi
1352 980 1471 1050 quandiu
1491 981 1574 1037 vitam
1587 981 1685 1039 lmiret.
1709 986 1769 1053 Quo
1791 988 1881 1055 audito,

268 1088 310 1132 tor
322 1083 351 1131 ot
364 1075 482 1142 Augusta
498 1081 525 1136 ¹,
540 1071 642 1126 ctdata
659 1070 684 1125 ci
704 1069 845 1139 dignitate,
869 1069 966 1123 iterum
987 1068 1060 1122 tuisit
1109 1071 1228 1141 Augusta
1243 1072 1316 1126 misle
1338 1071 1510 1129 anatomiam
1532 1076 1685 1132 scribonem
1699 1093 1759 1134 epm
1775 1079 1884 1148 jussione

267 1184 329 1224 cum
344 1168 369 1221 ia
384 1164 501 1221 ahicam
515 1162 539 1217 b.
566 1161 617 1229 Qui
632 1161 743 1217 veniens
761 1162 787 1216 in
803 1157 871 1215 lines
884 1159 991 1225 Africae,
1008 1159 1058 1214 sub
1109 1180 1168 1230 sna,
1183 1173 1211 1220 ot
1228 1180 1288 1221 cum
1302 1166 1401 1221 uirtute
1415 1168 1517 1236 naaiorc
1530 1169 1566 1224 ad
1580 1168 1704 1237 Romam,
1732 1172 1835 1229 diceas:
1858 1173 1884 1229 si

267 1254 420 1327 delebatis
435 1250 772 1309 interiecitContharidcm
787 1249 828 1323 (t)
844 1265 935 1320 regem
953 1250 1060 1306 Vanda-
1110 1271 1171 1310 eum
1187 1255 1320 1310 inveneris
1342 1258 1368 1311 in
1384 1257 1492 1313 basilica
1503 1258 1594 1314 Sancti
1610 1259 1694 1327 Petri,
1720 1277 1815 1332 parce:
1830 1280 1884 1319 nam

265 1352 372 1412 lorum,
393 1354 423 1402 et
441 1345 550 1401 redacta
569 1351 611 1400 cst
631 1343 721 1399 Africa
743 1343 794 1398 sub
815 1343 965 1413 republica.
984 1341 1060 1396 Turre
1110 1345 1132 1399 si
1148 1345 1174 1399 iu
1189 1343 1339 1408 Lateranis,
1354 1355 1401 1401 aut
1415 1346 1441 1400 in
1457 1347 1572 1417 palatio,
1585 1359 1634 1404 aut
1646 1351 1672 1405 ia
1686 1352 1885 1420 qualibeteccle

268 1437 412 1493 belisarius
422 1436 549 1508 patricius
569 1435 679 1491 veniens
690 1433 863 1501 Romamne
879 1433 971 1504 spoliis
984 1432 1057 1487 Van·
1110 1438 1150 1492 sia
1175 1438 1310 1493 inveneris
1323 1437 1459 1509 vigilium,
1485 1456 1548 1496 mox
1577 1442 1731 1512 impositum
1755 1445 1781 1500 in
1807 1447 1886 1500 nasim

268 1529 390 1584 daturum
410 1526 509 1583 obtulit
524 1538 534 1564 ε
552 1525 634 1581 beato
648 1524 728 1581 Pctro
752 1524 875 1596 apostolo
899 1538 947 1594 per
966 1538 1060 1578 manns
1111 1528 1212 1598 perduc
1231 1544 1293 1583 curo
1307 1532 1440 1600 usquead
1456 1547 1514 1586 nos.
1530 1533 1607 1601 Nam,
1623 1534 1645 1589 si
1661 1552 1714 1590 non
1730 1535 1832 1605 leceris,
1845 1554 1888 1607 per

270 1619 358 1689 vigim
372 1633 447 1690 papae
457 1632 565 1673 crucem
577 1620 687 1673 auream
697 1631 757 1671 cum
765 1615 887 1684 gemmis,
900 1622 1060 1684 pensantem
1112 1619 1250 1674 liuentem
1266 1621 1291 1676 in
1304 1622 1413 1685 meula,
1429 1623 1562 1678 excoriari
1577 1632 1603 1679 tc
1612 1624 1717 1681 iaciant.
1733 1625 1782 1693 Qui
1796 1626 1888 1683 hntlre-

267 1713 352 1767 libras
365 1719 484 1774 centum,
506 1709 532 1764 in
547 1725 600 1780 qua
614 1708 724 1780 scripsit
737 1708 866 1764 victorias
878 1723 942 1763 suas
956 1724 963 1760 ε
979 1721 1060 1765 cero·
1111 1711 1180 1766 mius
1193 1712 1281 1766 scribo
1295 1712 1405 1767 veniens
1420 1713 1544 1778 ilotnam,
1560 1714 1664 1771 inrcnit
1676 1733 1737 1772 eum
1749 1719 1775 1772 in
1785 1720 1889 1774 ccclesia

168 1846 184 1857 ,
269 1812 340 1859 stata
354 1810 482 1873 argentea
495 1802 546 1872 (il,
564 1802 694 1856 deaurata
708 1800 810 1869 majora
824 1800 888 1865 duo,
911 1813 973 1870 quaa
986 1806 1059 1854 stant
1077 1799 1218 1892 BSanctae
1232 1798 1356 1867 Caciliae,
1381 1818 1398 1855 x
1420 1803 1547 1859 calertdas
1569 1804 1725 1862 Decembris
1745 1808 1891 1879 (eratenim

270 1910 352 1965 usqne
366 1894 447 1950 hodie
462 1902 524 1948 ante
538 1908 637 1963 corpus
652 1892 722 1947 beati
738 1890 810 1946 Petri
826 1889 951 1962 apostoli.
966 1888 1060 1943 Sedet
1112 1890 1169 1944 dics
1189 1889 1286 1946 natalis
1302 1890 1371 1959 cius)
1397 1907 1507 1947 munera
1527 1905 1683 1964 erogantem
1706 1897 1740 1953 ad
1763 1901 1892 1969 populum.

221 1998 255 2057 Α
268 1986 320 2042 alia
340 1986 424 2042 multa
448 1986 518 2042 dona
539 1995 567 2041 ct
580 1986 768 2057 eleemosynas
781 1999 930 2055 pauperum
946 1982 1060 2051 largitus
1111 1979 1247 2037 Tenentcs
1261 1995 1326 2051 crgo
1341 1998 1414 2052 cum,
1429 1984 1612 2054 deposuerunt
1625 1988 1659 2043 ad
1672 1987 1799 2053 Tiberim,
1813 2000 1839 2046 ct
1850 1992 1894 2045 mi·

262 2087 320 2134 cst.
338 2076 414 2134 Fecit
425 2077 506 2133 etiam
520 2076 665 2132 Belisarius
680 2076 808 2146 patricius
821 2074 1018 2130 senodochium
1033 2075 1059 2128 in
1110 2081 1203 2128 serunt
1219 2088 1280 2128 eum
1301 2073 1328 2129 in
1343 2075 1443 2129 navim.
1459 2074 1540 2133 Plebs
1554 2087 1644 2134 autom
1666 2089 1695 2135 ει
1718 2082 1830 2152 populus
1851 2098 1895 2139 se-

270 2169 312 2221 ria
327 2166 404 2232 Lata,
430 2176 458 2222 ct
481 2168 508 2221 in
528 2167 570 2221 sia
592 2166 721 2220 Flaminia
741 2164 817 2234 juxta
832 2166 967 2245 civitatem
981 2163 1060 2217 Ortus
1111 2165 1247 2234 quchatur
1258 2178 1331 2231 eum,
1348 2165 1539 2235 acclamantes,
1552 2176 1582 2223 ut
1596 2169 1749 2226 orationem
1764 2172 1798 2225 ab
1810 2187 1842 2227 eo
1853 2188 1897 2228 ac·

269 2256 393 2329 plistiam!
408 2258 600 2313 monasterium
616 2256 709 2312 Sancti
727 2255 875 2322 lurenalis,
894 2255 940 2310 uhi
955 2272 1061 2328 posses·
1110 2254 1371 2324 ciperentbataquc
1381 2257 1513 2323 oratione,
1526 2260 1663 2328 respondit
1674 2261 1896 2333 omnispopulus:

268 2346 402 2403 sioncsct
420 2347 490 2402 dotia
513 2346 597 2401 multa
613 2346 789 2415 largituscst.
820 2342 924 2399 Eodem
940 2354 1060 2415 tempore
1112 2344 1215 2411 Arnen,
1240 2351 1354 2401 cimota
1372 2352 1415 2402 est
1433 2346 1518 2403 tiaris.
1541 2347 1668 2405 videntes
1693 2349 1806 2407 Romani
1827 2353 1913 2422 quod.

269 2436 411 2492 'llrcodora
422 2438 540 2505 Augusta
551 2437 659 2505 scripsit
669 2438 703 2490 ad
716 2437 841 2506 vigilium
852 2452 949 2506 papam
962 2455 969 2490 :
982 2437 1059 2503 Veni,
1111 2444 1185 2489 mota
1199 2442 1272 2490 essct
1284 2435 1360 2490 naris
1382 2435 1410 2490 in
1428 2450 1481 2505 qua
1496 2437 1607 2493 sedebat
1622 2439 1743 2508 i'igilius,
1759 2442 1840 2512 coepit
1855 2458 1899 2513 po

269 2528 385 2599 adimple
408 2529 485 2583 nohis
505 2543 566 2596 qtrm
580 2542 664 2597 prona
688 2527 827 2581 voluntate
848 2535 893 2581 tna
913 2528 1060 2597 promisisti
1112 2526 1190 2596 pulus
1209 2526 1313 2595 jactare
1327 2534 1388 2597 post
1401 2541 1463 2581 cunt
1475 2526 1592 2598 lapides,
1616 2527 1699 2585 iustas
1720 2529 1804 2603 [cunt
1818 2532 1900 2587 calci·

268 2620 302 2675 de
316 2628 392 2690 patre
413 2627 505 2674 nostro
520 2617 657 2681 dnthimo,
683 2626 711 2671 ct
731 2632 828 2672 revoca
851 2632 913 2671 cnm
929 2617 955 2671 iu
971 2614 1062 2671 allicio
1112 2618 1173 2683 bns,
1188 2617 1226 2689 et]
1239 2617 1366 2682 cacabos,
1378 2626 1406 2672 et
1418 2615 1526 2673 dicere:
1543 2618 1638 2676 Fames
1654 2627 1700 2674 tua
1719 2629 1818 2677 tecum
1832 2622 1903 2677 ilor-

267 2727 330 2766 suo.
354 2710 395 2765 dd
409 2710 467 2765 hcc
485 2709 624 2779 rescripsit
643 2709 772 2778 Vigilius:
800 2709 878 2765 Absit
897 2710 950 2764 hoc
969 2725 985 2764 a
1005 2725 1059 2773 me,
1113 2709 1201 2763 talitas
1215 2717 1314 2763 tecum.
1334 2708 1403 2762 itale
1418 2708 1505 2764 iecisti
1522 2710 1661 2778 Romanis,
1685 2713 1757 2767 male
1780 2713 1902 2769 invenias

176 2810 181 2819 “
269 2803 376 2858 domina
388 2801 508 2870 Angusta
521 2819 527 2854 ε
541 2801 616 2871 prius
626 2799 733 2855 locutus
747 2816 805 2853 sum
817 2799 887 2854 rtralc
898 2809 925 2854 ct
938 2800 1063 2870 insipien·
1112 2799 1157 2854 ubi
1171 2799 1254 2854 radis.
1276 2798 1310 2853 Et
1322 2798 1431 2867 quidam
1443 2808 1578 2854 amatores
1588 2801 1647 2869 eius
1657 2802 1744 2857 secuti
1758 2810 1821 2858 sunt
1841 2819 1903 2859 cnm

271 2902 321 2959 tcr,
336 2891 418 2947 modo
431 2899 521 2946 autem
535 2891 609 2946 nrtllo
624 2890 706 2946 modo
720 2891 768 2945 tibi
779 2891 929 2957 consentio,
945 2900 974 2946 ut
987 2906 1064 2946 revo-
1113 2890 1285 2945 deecclesia.
1307 2886 1358 2955 Qui
1375 2888 1513 2958 ingressus
1534 2888 1654 2946 Siciliam
1679 2901 1691 2929 ·
1715 2893 1743 2947 in
1766 2894 1904 2949 civitatem

265 2997 329 3036 cem
352 2980 489 3037 ltontiacm
505 2981 660 3036 latereticum
676 2989 704 3036 ct
717 2981 985 3036 anathematizatum.
1006 2980 1062 3037 Etsi
1113 2982 1303 3049 Cataoeasem,
1315 2983 1462 3053 permissus
1476 2989 1518 3037 cst
1532 2981 1623 3039 lacere
1635 2982 1848 3041 ordinationem.
1858 3003 1908 3056 per

272 3071 406 3142 indignus,
420 3070 538 3126 vicarios
547 3084 605 3125 sum
619 3070 690 3125 beati
703 3068 776 3124 Petri
787 3069 915 3139 apostoli,
925 3070 1063 3140 quorttodo
1114 3087 1233 3128 merrsem
1260 3072 1446 3137 Decembrem,
1471 3071 1644 3143 presbyteros
1664 3081 1694 3128 ει
1713 3073 1854 3144 diaconos,
1881 3077 1907 3131 in

272 3162 378 3217 luerunt
400 3172 585 3217 antecessores
610 3160 662 3215 mei
691 3160 852 3215 sanctissimi
875 3160 1011 3230 agapetus
1035 3169 1062 3215 et
1115 3164 1211 3235 ouibus
1226 3162 1406 3218 retransmisit
1426 3160 1520 3218 Romae
1541 3162 1705 3233 ampliatum
1720 3166 1909 3239 presbyterum

272 3255 409 3319 Silrcrins,
422 3253 468 3325 qui
483 3270 544 3309 curta
556 3252 763 3307 damnaverunt.
777 3251 852 3308 Tunc
864 3252 978 3309 Romani
990 3252 1063 3309 lecc-
1117 3264 1145 3310 ct
1157 3255 1353 3310 vicedominum
1367 3269 1455 3318 suum,
1471 3261 1499 3308 et
1511 3252 1685 3310 Valentinum
1699 3257 1861 3328 episcopum
1876 3258 1910 3312 ad

273 3352 337 3400 rnat
348 3345 536 3416 suggestiones
550 3343 642 3398 suasd
662 3352 757 3398 contra
779 3343 914 3413 vigilium,
939 3359 974 3400 oo
992 3345 1064 3415 qnod
1118 3354 1225 3400 sanctas
1248 3343 1372 3400 Ruhnam
1396 3352 1424 3400 ει
1446 3344 1618 3411 Secundam,
1645 3347 1678 3401 ad
1699 3347 1912 3403 custodiendum

269 3453 332 3493 trum
347 3437 461 3493 consilio
475 3436 534 3505 ejas
551 3435 692 3505 depositus
713 3434 807 3491 inisset
820 3435 950 3493 Silrerius
964 3436 1065 3491 beatis·
1118 3437 1275 3505 Lateranas,
1291 3443 1319 3491 ct
1331 3435 1537 3505 gubernandum
1555 3436 1669 3492 clerum.
1694 3436 1726 3493 m
1746 3439 1915 3496 valefaciens

272 3530 356 3582 simus
367 3542 447 3598 papa
464 3526 652 3595 suggerimus,
670 3526 802 3597 inquiunt,
818 3526 909 3598 pietati
926 3534 988 3589 tum,
1001 3529 1065 3597 quia
1118 3528 1252 3594 omnibus,
1269 3528 1456 3597 ingressuscst
1468 3526 1731 3599 Constantinopolim
1749 3529 1758 3568 l
1775 3532 1803 3586 in
1821 3532 1915 3603 vigilia

304 3670 348 3739 ¹(a)
363 3665 434 3723 idem
449 3666 523 3735 cod,
539 3662 708 3721 ll'idthorim.
1160 3665 1197 3739 (b)
1211 3664 1239 3719 ln
1250 3664 1346 3721 eodem
1360 3663 1437 3720 deest
1451 3675 1583 3736 orpcntea.

271 3794 338 3849 argo
349 3785 481 3833 nocentes
494 3775 611 3831 hmretici
623 3789 705 3844 auam
723 3780 885 3845 praematnre
898 3773 1063 3843 triumphent
1116 3776 1196 3844 cipue
1212 3773 1337 3844 vigilium
1351 3773 1470 3841 legitima
1483 3776 1675 3845 subrogatione
1689 3776 1835 3833 salicetum
1851 3778 1921 3833 inis·

274 3852 309 3904 dc
324 3848 462 3915 traulragio
477 3845 556 3915 liujus
578 3846 716 3910 naticttlae,
741 3845 848 3915 quando
863 3844 888 3898 ci
903 3844 1063 3913 praesidebat
1114 3860 1154 3900 se.
1170 3845 1245 3899 lustr.

277 3919 396 3990 vigilias.
408 3918 436 3973 Si
450 3925 545 3971 artetur
558 3923 599 3971 εει
614 3915 684 3970 illius
697 3915 819 3998 epistole
835 3912 949 3983 lldeiqne
963 3912 1065 3967 lerina·
1152 3914 1165 3953 i
1180 3914 1244 3969 llaec
1257 3914 1309 3968 suh
1322 3912 1480 3984 pontificatu
1492 3913 1603 3970 loannis
1615 3914 1638 3969 ll
1650 3931 1722 3971 anno
1731 3916 1836 3975 Christi
1851 3920 1919 3984 555,

276 3992 318 4052 he,
333 4003 414 4057 quarn
429 4003 462 4042 et
478 3985 596 4041 Liberali
608 3986 744 4041 breviario
758 3984 898 4053 obiiciunt,
912 3983 979 4038 nillil
993 3984 1066 4038 alind
1116 3986 1261 4053 contigisse
1273 3984 1408 4039 ridentur.
1419 3984 1496 4038 insu.

276 4060 406 4122 vicerunt,
426 4071 507 4126 quam
521 4056 593 4125 quiid
613 4071 647 4111 eo
668 4064 791 4127 tempore
812 4055 948 4110 exteriore
963 4055 1067 4125 protes-
1154 4054 1244 4109 tllaec
1263 4054 1375 4117 oblatio,
1401 4054 1573 4122 cujusctiom
1591 4057 1715 4111 meminit
1740 4068 1840 4115 auctor
1869 4060 1924 4115 lli·

275 4132 351 4185 sionc
366 4128 518 4195 ingratiam
533 4127 708 4196 imperatricis
721 4140 770 4196 spo
781 4122 953 4196 pontificatus
964 4126 1067 4179 obena-
1116 4125 1207 4182 scellac
1221 4125 1349 4189 historiae,
1375 4122 1489 4180 tortasse
1513 4123 1583 4181 lacta
1611 4135 1653 4181 est
1674 4130 1725 4182 sab
1749 4128 1924 4198 pontihcatn

275 4201 302 4255 di
317 4199 361 4253 vcl
373 4197 505 4253 retinendi
526 4197 650 4252 haeresim
674 4197 813 4279 protessus
836 4211 896 4250 eam
920 4195 1063 4264 epistolam
1117 4196 1233 4260 Silrcrii,
1259 4210 1331 4249 anno
1353 4193 1452 4249 Christi
1469 4193 1532 4259 sat,
1557 4197 1666 4265 mando
1689 4196 1841 4254 Belisarius
1857 4212 1928 4268 post

277 4269 422 4339 scripserit,
436 4267 544 4340 quando
557 4267 645 4321 adhuc
661 4275 767 4322 virente
780 4265 896 4321 Silrerio
914 4265 1065 4335 pseudopa-
1118 4266 1237 4323 decimos
1251 4263 1355 4320 Gothos
1366 4264 1478 4319 Romam
1489 4266 1605 4336 subegit.
1618 4266 1647 4322 Si
1660 4276 1749 4322 tamen
1761 4269 1858 4339 aliqua
1871 4271 1929 4324 do-

275 4356 311 4411 pa
324 4348 414 4394 esset:
431 4352 510 4407 quem
524 4338 545 4391 si
560 4337 603 4392 vel
618 4352 731 4399 errasse,
746 4337 791 4392 rel
806 4335 961 4390 haereticum
979 4343 1006 4390 et
1027 4336 1064 4388 si·
1118 4336 1192 4391 natio
1207 4334 1277 4390 iacta
1290 4343 1332 4390 cst
1342 4334 1451 4402 vigilio,
1475 4338 1596 4419 oportuit
1610 4352 1669 4391 eam
1689 4337 1813 4393 oblatam
1831 4338 1927 4394 fuisso

279 4411 429 4466 rnnrtiacum
454 4407 534 4464 titisse
559 4407 609 4478 ipsi
632 4409 789 4477 probarent,
811 4406 911 4486 nullam
932 4405 1065 4460 irracularn
1117 4422 1166 4489 per
1188 4405 1326 4461 ministros
1347 4404 1468 4459 Belisarii
1495 4422 1522 4461 m
1542 4406 1662 4475 ejusdem
1686 4409 1822 4463 absentia.
1849 4406 1927 4464 Nam

279 4480 404 4537 Ecclesiae
415 4479 574 4533 orthodoxae
591 4477 703 4547 ejusque
721 4476 890 4545 dogmatibus
903 4474 1064 4543 indigerent.
1118 4492 1205 4548 ipsum
1216 4475 1376 4531 Belisarinm
1390 4484 1488 4544 cuano
1512 4491 1584 4533 anno
1596 4477 1661 4532 belli
1678 4475 1779 4533 Persici
1793 4478 1928 4533 ltomam

279 4550 356 4619 Quod
370 4558 459 4605 autern
474 4558 535 4620 post
546 4548 648 4603 obitum
668 4545 784 4607 Silrcrii.
805 4545 914 4616 quondo
929 4561 977 4615 pcr
997 4546 1064 4600 dile·
1117 4563 1170 4602 noa
1186 4545 1267 4601 luisse
1278 4546 1436 4614 ingressum,
1451 4545 1543 4600 ridere
1556 4555 1598 4601 est
1611 4562 1645 4601 ex
1659 4542 1805 4671 Procopio.
1824 4547 1912 4602 loen.

278 4621 395 4677 ctionem
411 4618 453 4673 rel
467 4619 688 4688 approbationem
707 4618 772 4674 cleri
787 4616 901 4671 honneni
915 4631 984 4686 papa
1000 4615 1067 4683 legi·
1083 4634 1105 4692 υ
1152 4614 1166 4654 ⁶
1188 4613 1333 4671 Historiam
1355 4630 1415 4684 quae
1429 4616 1562 4684 seqnitur,
1584 4630 1669 4684 usqne
1693 4618 1727 4674 ad
1742 4617 1749 4671 i
1762 4620 1787 4672 la
1810 4621 1905 4673 rerba
1922 4636 1929 4671 ε

280 4693 359 4745 timus
373 4704 433 4744 esse
445 4689 538 4758 coepit,
554 4687 619 4743 nihil
634 4687 729 4742 borum
741 4687 848 4749 dixerit,
860 4685 1007 4767 scripserit,
1023 4687 1065 4740 rel
1119 4686 1171 4751 Qui
1184 4689 1315 4768 inpressas
1327 4685 1458 4752 Siciliam,
1472 4694 1538 4753 etc,
1562 4686 1596 4741 de
1617 4686 1668 4742 tide
1682 4697 1845 4758 suspectam
1862 4704 1933 4743 esse

279 4762 374 4830 egerit,
386 4758 542 4813 indicabunt
553 4758 605 4813 illae
617 4757 795 4812 anathematis
808 4764 949 4811 sententia
960 4770 1027 4823 quas
1040 4756 1067 4810 in
1119 4757 1251 4812 Bnronnts
1260 4770 1332 4810 anno
1346 4753 1409 4816 ste,
1420 4770 1534 4809 numero
1544 4754 1588 4822 bl,
1606 4757 1712 4826 probat,
1726 4773 1759 4812 eo
1771 4773 1935 4827 arguition-

282 4830 448 4896 ditthimum,
463 4836 531 4883 teste
544 4826 597 4882 Cre
617 4828 686 4895 orio,
702 4842 716 4880 a
732 4825 973 4897 predecessoribus
987 4834 1066 4879 attica
1120 4836 1147 4884 to
1163 4825 1255 4894 lrctus,
1271 4825 1342 4893 quod
1358 4825 1438 4879 trium
1457 4826 1635 4894 capitulorum
1651 4841 1730 4882 causa
1746 4835 1860 4883 tanturn
1877 4844 1936 4881 vo-

278 4900 497 4965 condemnatum,
519 4906 546 4952 ct
565 4842 775 4953 logincodoram
790 4897 934 4964 Augustam
949 4911 1069 4965 pronun·
1119 4906 1196 4953 catus
1210 4894 1299 4959 inerit,
1315 4909 1375 4950 cunt
1390 4893 1487 4950 Menna
1499 4893 1822 4967 Constantinopolitanus
1838 4906 1937 4966 atquc

279 4971 366 5026 tiavit.
381 4967 449 5035 Quid
463 4984 528 5023 vcro
541 4967 576 5022 dc
588 4968 645 5037 ipsa
660 4968 773 5037 epistola
790 4968 840 5021 suh
855 4966 963 5021 nomine
978 4964 1067 5033 vigilii
1119 4967 1240 5037 primarii
1252 4964 1368 5020 Orientis
1381 4963 1510 5035 episcopi,
1527 4966 1615 5023 edicto
1630 4966 1771 5021 iustiniani
1783 4968 1823 5022 de
1836 4969 1939 5023 trihus

280 5057 313 5096 ct
329 5039 454 5095 Liberato
466 5038 606 5107 desumpta
620 5036 787 5092 sentiendum
808 5039 854 5100 sit,
867 5036 986 5091 dicemus
1000 5034 1068 5091 inira
1120 5038 1246 5107 capitulis
1259 5036 1416 5090 damnandis
1449 5035 1609 5103 rorrtnlgato‚
1636 5053 1690 5090 iton
1705 5038 1779 5108 prins
1797 5039 1940 5094 subscri·

281 5112 307 5165 in
320 5111 391 5167 notis
404 5108 579 5180 epistolarum
592 5107 722 5176 ejusdem.
739 5107 802 5162 Str.
818 5107 916 5162 Btmus.
1118 5110 1183 5164 berc
1196 5107 1306 5169 uellent,
1329 5120 1409 5175 quam
1425 5051 1564 5160 flotharius
1575 5108 1696 5177 pontilex
1720 5109 1937 5165 consensisset.

299 5182 330 5216 ἰ
344 5179 522 5235 iustinianum
543 5176 577 5232 de
599 5177 752 5234 revocando
775 5177 903 5232 anthimo
925 5176 952 5231 in
975 5176 1068 5232 sedem
1119 5179 1233 5233 Putabat
1247 5179 1319 5233 enim
1329 5174 1484 5247 pontillccm
1495 5176 1591 5245 quibus
1601 5184 1691 5247 posset
1707 5175 1765 5233 iteri
1778 5176 1942 5233 blanditiis

282 5264 357 5306 suam
372 5251 508 5306 conscium
524 5259 578 5303 mtn
593 5249 685 5313 luisse,
706 5247 753 5304 sed
772 5248 861 5318 potius
876 5262 908 5302 ea
922 5246 1012 5301 omnia
1027 5263 1071 5302 sc·
1120 5247 1338 5312 conciliandum,
1362 5255 1390 5301 ει
1413 5260 1467 5300 non
1494 5246 1545 5302 nisi
1572 5243 1722 5303 honorilice
1745 5247 1945 5304 invitandum

281 5328 356 5375 creta
382 5319 581 5375 machinatione
594 5316 743 5374 Theodora
758 5317 883 5385 hrtgustae
896 5331 958 5372 curn
972 5315 1003 5371 vt
1024 5316 1070 5372 iho
1121 5334 1192 5387 esse,
1209 5334 1242 5373 ne
1266 5318 1534 5386 illorepagnante,a
1568 5331 1603 5370 no
1618 5330 1713 5371 omncs
1727 5315 1861 5374 thientis
1878 5334 1945 5388 ept-

282 5389 425 5446 commissa
447 5403 517 5454 esse,
542 5388 641 5444 indicat
662 5388 774 5459 epistota
789 5386 932 5442 iustiniani
947 5386 981 5441 ad
1022 5403 1071 5468 en·
1122 5391 1197 5459 scopi
1208 5386 1405 5459 dependebant,
1421 5385 1455 5440 dc
1469 5332 1639 5457 prenniano
1652 5385 1743 5444 edicto
1754 5402 1867 5444 omnes
1886 5406 1945 5443 co·

281 5475 354 5524 rrarn,
379 5473 439 5526 qum
459 5474 538 5528 supra
554 5474 653 5515 excusa
670 5468 712 5514 est
731 5459 780 5513 suh
794 5457 928 5513 Sili-erio:
953 5457 980 5510 in
994 5471 1072 5527 crpus
1121 5468 1201 5514 natus
1216 5458 1282 5513 irriti
1298 5455 1571 5512 antecrescentem.

283 5532 335 5586 linc
350 5529 421 5585 inter
440 5528 507 5582 alios
521 5530 701 5585 exsecrandos
723 5528 864 5583 hereticos
887 5526 1071 5582 condemnari·
1161 5530 1217 5584 ⁰ln
1241 5528 1332 5585 Sicilia
1347 5526 1484 5595 longiores
1507 5540 1597 5582 moras
1611 5526 1726 5583 traxisse
1746 5523 1945 5595 pontificem,

281 5600 331 5655 ilos
353 5606 497 5654 cntrmcrat
522 5598 677 5653 Anthimum
701 5598 878 5668 Trapezuntis
901 5597 1071 5667 cpiscopmn.
1125 5600 1240 5669 indeque
1255 5597 1320 5654 Urbi
1333 5596 1403 5651 lame
1418 5595 1549 5650 laboranti
1562 5596 1750 5653 lrurnentnma
1764 5594 1882 5649 Gothis
1900 5596 1945 5648 in·

283 5669 360 5725 Uinde
376 5676 450 5740 patet
465 5666 537 5737 quod
560 5669 619 5737 ipse
641 5670 789 5740 imperator
800 5666 961 5724 Belisarinm
976 5666 1028 5721 hac
1041 5670 1074 5723 de
1126 5680 1274 5739 terceptum
1289 5668 1402 5732 misisse,
1418 5665 1498 5720 tradit
1512 5664 1660 5738 Procopius
1674 5666 1721 5721 lib.
1742 5681 1770 5721 tn
1796 5665 1839 5720 de
1858 5664 1945 5720 Belle

282 5754 364 5795 carisa
377 5738 478 5807 gratias
492 5753 546 5793 noa
571 5737 666 5804 egerit,
681 5740 734 5793 nisi
756 5739 827 5795 torte
844 5752 1011 5809 persuasam
1024 5740 1076 5793 sibi
1125 5739 1285 5796 Gothorum.
1301 5736 1374 5792 iuss.

290 5808 416 5865 trabucrit
437 5806 581 5865 Silrcrium
603 5805 675 5877 justa
699 5810 832 5867 sententia
857 5807 1074 5870 condemnatum,
1167 5809 1305 5881 tlligilius
1319 5806 1525 5865 adcomitatum
1550 5807 1688 5879 protectus
1711 5814 1814 5864 contra
1839 5820 1945 5861 exent

1928 5985 1945 6045 ι.
