4059 6184
254 307 299 365 tt-
942 298 1056 358 timui
1076 297 1179 356 PAPAE
1829 297 1879 354 idi

253 426 418 486 lautorum
431 423 576 491 maiorum,
596 421 733 479 bonorum
745 435 886 494 portem
903 419 974 481 seire
986 425 1083 485 ιιι-Λ
1098 432 1200 477 nomen
1213 417 1295 475 luisse
1307 417 1436 487 delatum
1463 431 1511 474 sua
1535 416 1703 488 providentia
1717 406 1879 475 emlesiasti·

252 512 429 587 gnitudinem,
446 520 474 569 et
486 510 566 581 buius
577 509 617 565 rei
628 509 728 578 gratia,
753 516 783 566 ut
796 517 860 581 pote
873 505 1045 581 prolaturum
1093 522 1154 564 eam
1168 506 1381 563 moderationem
1394 507 1467 564 cirea
1480 515 1616 563 mertuum
1639 507 1771 579 sapientia
1791 522 1882 566 saeer-

255 603 341 671 nobis,
357 608 498 673 peccatum
513 600 615 655 intrare
627 597 775 666 dimittens,
791 612 918 668 magnum
943 595 1045 666 ineius
1095 597 1179 655 dotali
1200 606 1363 666 servantem,
1388 598 1508 655 noluisse
1531 614 1631 655 nomen
1655 597 1725 668 ejus,
1739 615 1774 658 ne
1787 615 1883 657 monu-

253 697 357 768 peceati
371 694 443 751 bello
456 692 585 748 auxilium
598 690 732 746 invenerit
754 691 847 747 borno.
872 690 937 758 Quae
961 689 1045 745 verba
1094 689 1194 744 mentis
1206 687 1315 757 quidem
1325 687 1507 759 synodalibus,
1525 689 1765 758 propterregulam
1777 704 1837 761 quse
1851 690 1884 745 de

253 787 383 857 quoniam
402 785 490 843 aliena
505 790 597 838 sunta
618 796 698 837 sensu
721 780 818 836 divinae
841 779 995 852 Scriptura,
1016 785 1047 833 ut
1095 778 1209 833 mortuis
1222 778 1249 831 in
1262 776 1415 832 sacerdotio
1430 777 1560 832 servanda
1574 785 1627 842 est,
1642 778 1785 833 contineri.
1808 776 1883 845 Quo·

254 875 367 941 dicatur,
379 873 442 944 quia
457 881 598 943 peccatum
613 884 628 923 a
644 870 701 925 ileo
715 884 765 940 pro
779 870 895 924 utilitate
909 868 988 923 nobis
1002 868 1045 922 in·
1097 865 1179 921 modo
1202 872 1293 920 autem
1317 863 1370 921 hoe
1390 865 1464 935 quod
1487 882 1567 938 supra
1582 867 1651 923 dixit
1663 867 1758 924 beatus
1770 868 1885 940 Cyriilus

256 962 408 1019 traductum
431 962 475 1016 sit.
499 959 527 1014 Si
552 957 613 1027 quis
638 958 676 1013 ita
700 957 778 1027 sapit,
794 957 886 1025 docet,
901 956 1047 1012 creditaut
1095 954 1277 1025 dispensative
1301 956 1413 1024 laetum,
1427 965 1457 1011 ut
1470 956 1580 1011 minime
1603 957 1767 1012 anathemati
1785 972 1884 1013 nomeu

255 1054 392 1126 praedicar,
409 1051 551 1107 anathema
566 1049 611 1104 sit.
625 1048 724 1105 Sancta
740 1049 812 1104 einim
836 1049 969 1105 catholica
994 1047 1046 1103 Ec·
1095 1047 1145 1102 riri
1171 1046 1304 1115 subjicere
1330 1047 1459 1102 voluisset
1485 1047 1607 1118 intelligi,
1627 1048 1661 1103 ad
1674 1049 1884 1105 ecclesiasticam

256 1146 338 1201 elesia
352 1145 404 1199 boc
418 1148 522 1199 certum
535 1149 610 1198 tenet
620 1149 647 1196 et
661 1141 758 1207 credit,
781 1142 844 1210 qrria
858 1141 928 1197 licus
942 1150 969 1197 et
983 1156 1046 1211 pro·
1095 1139 1216 1208 reguiam
1230 1139 1432 1210 porrigendum,
1448 1139 1474 1193 iu
1486 1138 1579 1194 eadem
1594 1140 1706 1209 epistola
1720 1155 1769 1196 sua
1792 1139 1886 1196 subter

255 1236 401 1293 hibuerita
414 1242 528 1307 peccato
542 1235 659 1306 primum
682 1234 830 1301 bominem,
846 1242 875 1288 et
888 1248 937 1303 per
950 1232 1045 1286 inobe·
1095 1227 1203 1297 adiecit,
1229 1228 1343 1283 dicens:
1366 1227 1420 1284 Sed
1442 1228 1515 1298 justo
1527 1228 1646 1297 audient,
1661 1229 1766 1286 tametsi
1785 1230 1881 1299 nolint,

256 1324 382 1380 dientiam
410 1334 551 1396 peecatum
581 1322 702 1392 punierit
725 1320 799 1392 justo
826 1321 971 1393 supplicio;
998 1320 1046 1381 scd
1095 1319 1142 1387 oui
1167 1317 1320 1388 hujusmodi
1342 1333 1437 1373 causas
1469 1318 1600 1387 prebent.
1622 1317 1814 1374 ilbiivisciminl
1836 1335 1886 1376 vos

256 1413 327 1471 bene
340 1424 418 1469 utens
429 1414 511 1469 etiam
531 1413 608 1468 maiis
621 1412 731 1476 uostris,
746 1411 874 1480 singulari
897 1424 948 1466 nos
958 1423 1047 1465 reme·
1097 1408 1296 1479 ipsos,quando
1309 1407 1438 1463 adversus
1448 1408 1553 1465 eineres
1563 1424 1642 1464 arcus
1655 1409 1818 1465 extenditis:
1830 1426 1885 1467 nou

256 1502 313 1571 dio,
327 1519 376 1574 per
389 1503 517 1573 unigeniti
536 1501 596 1558 Filii
622 1503 664 1559 sui
686 1501 912 1567 incarnationem,
939 1499 1045 1569 passio·
1095 1501 1166 1554 enim
1180 1507 1302 1569 superest
1315 1498 1362 1569 qui
1384 1497 1454 1569 apud
1479 1513 1528 1555 eos
1552 1497 1697 1569 inscriptus
1716 1507 1776 1554 est:
1791 1506 1820 1556 et
1841 1515 1886 1556 me

222 1605 231 1615 ·
257 1607 330 1658 nem,
358 1600 482 1658 mortem,
505 1600 534 1648 et
554 1593 788 1659 resurrectionem,
802 1592 855 1648 boc
877 1598 920 1647 esi
939 1589 1046 1647 Domini
1095 1588 1285 1658 nuiluseuipet
1300 1589 1327 1644 in
1341 1589 1399 1644 brec
1421 1589 1503 1644 rerba
1526 1602 1708 1659 progressum,
1724 1589 1779 1646 sed
1790 1591 1887 1647 cedam

257 1681 343 1737 nostri
357 1679 421 1736 insu
435 1680 545 1749 Christi,
559 1682 593 1738 ab
604 1682 723 1738 omnium
745 1689 918 1753 peccatorum
932 1679 1046 1736 nexibus
1095 1678 1182 1744 vaide,
1199 1678 1324 1733 nimirum
1335 1678 1535 1748 praedecessori.

257 1768 392 1825 liberavit.
834 1838 840 1851 ὓ
1045 1777 1083 1836 -Β
1129 1766 1217 1822 Grave
1238 1774 1280 1823 est
1303 1768 1374 1822 enim
1398 1768 1527 1824 insultare
1550 1767 1694 1837 delunrtis,
1720 1769 1764 1826 rei
1788 1769 1812 1826 si
1826 1770 1887 1829 iaici

293 1858 341 1917 liis
354 1860 434 1929 igitur
448 1867 634 1930 competenter
647 1871 675 1916 et
686 1875 737 1931 per
758 1859 917 1917 orthodoxo
930 1858 991 1915 iidei
1003 1875 1048 1916 re-
1099 1855 1208 1920 iuerint,
1235 1857 1335 1912 nedum
1359 1856 1470 1927 illisqui
1486 1858 1512 1913 in
1538 1859 1695 1939 episcopatu
1720 1858 1790 1917 hanc
1803 1861 1887 1917 vitam

256 1949 415 2007 ebitudinem
435 1951 591 2021 apostoliae
604 1951 747 2006 sententiae
759 1949 921 2006 auctoritaie
934 1949 1047 2004 danim·
1097 1946 1291 2019 deposueruut.
1304 1946 1485 2003 iustissimum
1499 1949 1571 2005 enirn
1586 1958 1698 2020 apparet
1710 1950 1888 2021 prudentibus

256 2043 301 2107 tis,
314 2043 511 2110 constituimus,
522 2049 552 2097 ut
565 2057 599 2097 ex
620 2040 744 2097 omnibus
758 2041 825 2107 istis,
840 2054 900 2111 quae
921 2054 971 2095 uos
993 2036 1048 2093 Pa·
1097 2037 1162 2095 viris
1175 2038 1272 2094 cedere
1295 2038 1457 2108 praescienti,
1483 2038 1538 2094 ileo
1552 2039 1658 2105 scilieet,
1680 2041 1888 2111 uniuscuiusque

259 2137 330 2186 trum
344 2131 452 2186 statutis
461 2139 543 2198 atque
553 2128 742 2185 traditionibus
752 2130 913 2184 inhaerentes
934 2137 1047 2198 aposto·
1097 2128 1283 2196 voluntatemr
1309 2136 1338 2184 et
1361 2129 1535 2197 cognoscenti
1559 2129 1753 2199 qualiscunque
1775 2130 1888 2200 qumque

258 2220 310 2277 lica
320 2221 481 2277 auctoritate
491 2219 688 2287 damnavimus,
702 2219 774 2275 nulla
791 2218 934 2288 injuriandi
947 2231 1049 2288 prece·
1098 2218 1201 2275 iuturus
1224 2220 1270 2275 sit.
1285 2218 1398 2274 Beatum
1412 2218 1560 2289 quinetiam
1574 2217 1701 2275 Proclum
1715 2218 1794 2289 hujus
1807 2219 1887 2288 regim

259 2308 355 2367 dentes
374 2309 469 2366 Patres
488 2310 532 2366 vei
557 2308 684 2365 doctores
707 2307 834 2364 Ecclesia
858 2308 933 2377 (qum
955 2304 1049 2377 procul
1097 2310 1215 2366 civitatis
1224 2310 1373 2367 antistitem
1387 2311 1425 2366 ita
1438 2310 1578 2368 memorati
1592 2309 1703 2367 ioannis
1726 2310 1887 2367 Antiocheni

258 2402 340 2459 dubio
351 2401 478 2459 scandala
501 2408 681 2475 sacrosanctae
695 2397 821 2456 Ecclesiae
834 2397 962 2465 suscitat)
976 2408 1049 2466 prae-
1098 2401 1217 2473 episcopi
1240 2400 1364 2457 similiter
1376 2410 1484 2458 constat
1497 2401 1669 2473 respondisse
1684 2402 1829 2472 rescriptis,
1844 2400 1887 2458 di·

256 2490 353 2549 beatur
362 2492 468 2547 occasio
481 2508 488 2544 ε
501 2491 762 2549 anathematizantes
775 2504 883 2545 ornnem
894 2488 928 2543 ad
938 2488 1049 2544 ordines
1097 2499 1201 2546 cantem
1213 2491 1283 2546 inter
1296 2490 1348 2545 alia
1361 2507 1368 2544 ι
1382 2489 1495 2557 Quando
1507 2491 1579 2546 enim
1602 2491 1696 2561 scripsi
1711 2497 1765 2547 tue
1787 2492 1887 2547 sancti-

259 2581 459 2638 eceiesiastieos
473 2579 665 2651 pertinentem,
677 2579 724 2648 qui
735 2576 859 2632 Patribus
868 2584 949 2648 atque
958 2576 1050 2632 dorto-
1097 2583 1158 2650 rari,
1181 2589 1308 2652 oportere
1330 2588 1377 2635 aut
1400 2572 1581 2647 Theodorum,
1595 2587 1642 2635 aut
1656 2580 1724 2636 alios
1742 2580 1884 2650 quosdam,

257 2670 334 2726 ribus
342 2668 470 2725 Ecclesiae
483 2668 674 2724 coutumeliam
694 2683 728 2723 ex
747 2667 937 2738 suprascriptis
950 2665 1048 2736 impie·
1097 2673 1143 2744 qui
1156 2672 1258 2743 pridern
1271 2669 1389 2726 defuncti
1412 2677 1484 2737 sunt,
1497 2670 1661 2727 anathemati
1671 2669 1761 2737 subdi,
1776 2676 1824 2725 aut
1837 2685 1888 2725 no·

258 2759 359 2814 tatibm
366 2757 565 2827 quodammodo
578 2757 712 2813 ascribere
725 2757 768 2813 rei
789 2759 909 2827 irrogare
921 2758 1048 2815 voluerit.
1096 2763 1218 2819 minatim
1230 2760 1344 2831 alicujus
1357 2760 1408 2817 leci
1418 2760 1600 2816 mentionem?
1613 2767 1641 2815 et
1654 2766 1825 2830 postpauca.
1851 2756 1886 2813 iit

258 2846 293 2903 iit
305 2847 433 2918 quoniam
444 2846 555 2918 prelata
577 2846 713 2917 dogmata,
728 2861 788 2918 quo
809 2847 954 2903 securium
970 2847 1050 2902 intel·
1097 2854 1143 2910 iiia
1157 2853 1346 2925 capitulaque
1358 2852 1480 2922 subjecta
1494 2853 1661 2922 surempsit,
1678 2862 1707 2908 ur
1727 2860 1790 2923 pore
1802 2850 1887 2907 subri-

257 2937 356 2993 lroittm
370 2935 404 2992 tle
418 2937 459 2992 his
471 2937 624 3008 exitialium
646 2936 811 2992 anathemati
834 2946 916 3007 attilii
936 2936 1048 2992 (limna-
1096 2945 1199 3002 litatem
1215 2958 1269 2998 nou
1284 2942 1409 2999 babentia
1421 2944 1529 3013 pietatis
1542 2960 1549 2996 ι
1562 2957 1650 3013 neryue
1660 2953 1750 2998 autem
1759 2939 1887 2997 de'ibeo·

259 3029 326 3085 tioni
339 3028 502 3098 subjecimus
516 3028 543 3083 in
553 3043 586 3084 eo
601 3026 742 3085 volumine
753 3027 824 3099 quod
837 3029 916 3086 nobis
930 3043 979 3101 per
993 3027 1048 3084 ira·
1096 3035 1175 3102 doro,
1190 3049 1278 3106 nsque
1292 3034 1326 3090 da
1340 3033 1394 3090 aiio
1408 3047 1544 3103 quoquam
1557 3034 1603 3103 qui
1614 3034 1670 3102 jam
1681 3030 1799 3088 defuncti
1823 3040 1886 3089 sunt

259 3124 330 3173 trem
343 3126 466 3173 nmirum
490 3117 638 3188 Benignum
652 3118 808 3189 episcopum
822 3109 935 3190 nupera
948 3118 1048 3188 pietate
1061 3134 1084 3197 ς
1097 3125 1203 3196 scripsi,
1229 3124 1285 3180 [len
1298 3123 1484 3189 amantissimi,
1499 3131 1547 3179 aut
1560 3130 1591 3178 ut
1605 3123 1885 3190 anathematizaretur,

259 3215 349 3263 vestm
364 3208 548 3263 transmissum
562 3207 613 3262 sub
636 3207 770 3263 Theodori
785 3207 965 3278 iiopsuesteni
989 3211 1048 3279 epi·
1097 3224 1184 3273 autur
1197 3214 1346 3271 abdicetur.
1361 3213 1415 3269 Sed
1428 3228 1517 3284 neque
1532 3215 1705 3271 charissimus
1719 3213 1885 3279 Theodotus,

257 3301 333 3370 tropi
343 3300 516 3370 perhibentur
526 3300 636 3356 nornine
656 3308 817 3370 prmnotata;
829 3299 926 3356 adhoc
939 3300 1043 3358 sollici·
1096 3307 1142 3378 qui
1152 3322 1168 3362 a
1180 3306 1259 3362 nobis
1271 3305 1390 3361 directus
1401 3313 1453 3371 est,
1464 3304 1596 3362 diaconus
1608 3305 1673 3360 talia
1693 3304 1816 3360 mandata
1826 3318 1888 3359 sus·

205 3402 210 3413 “
260 3390 361 3444 tudinis
374 3397 473 3444 nostrae
495 3389 614 3445 animum
639 3400 834 3460 consequenter
852 3391 1047 3458 adurouuimus,
1096 3397 1178 3468 cepit.
1194 3395 1329 3465 iteruipse
1343 3396 1437 3451 beatus
1446 3393 1560 3451 Procius
1573 3395 1723 3465 inepistoia
1746 3395 1780 3449 ad
1802 3394 1886 3450 ilasi·

259 3480 321 3535 utsi
334 3479 398 3549 qnid
411 3480 445 3535 de
454 3495 569 3551 persona
580 3482 623 3537 vel
638 3484 747 3538 nomine
762 3483 903 3539 memorati
913 3483 1049 3539 Theodori
1096 3502 1169 3541 mum
1184 3486 1327 3542 diaconum
1339 3493 1401 3556 post
1414 3486 1467 3541 alia
1481 3486 1517 3540 ita
1533 3485 1618 3541 dicit:
1644 3485 1784 3553 Quomodo
1800 3486 1886 3556 igitur

259 3566 331 3638 apud
341 3565 434 3625 Patres
448 3570 589 3639 quaesitum
603 3571 649 3639 sit,
664 3572 707 3627 vei
718 3574 804 3641 siqua
818 3587 900 3643 super
917 3572 976 3642 ejus
996 3589 1048 3628 no·
1096 3592 1146 3648 per
1156 3577 1263 3632 litteras
1273 3576 1355 3631 didici
1369 3592 1450 3644 nuno,
1464 3577 1528 3646 quia
1541 3575 1678 3632 Theodori
1692 3575 1884 3648 iiopsuesteni,

259 3660 333 3716 mine
342 3659 376 3714 ab
389 3660 430 3715 eis
444 3661 605 3728 regulariter
618 3661 717 3717 luerint
729 3663 875 3719 constituta
888 3664 946 3720 sive
959 3664 1049 3734 dispo·
1096 3674 1126 3736 et
1135 3666 1248 3721 aliorum
1269 3667 1447 3734 quorumdam
1464 3666 1572 3721 nomina
1585 3666 1728 3737 praeposira
1740 3674 1801 3721 sunt
1813 3667 1887 3737 capi·

260 3751 322 3819 sita,
334 3750 537 3819 diligentissima
554 3749 726 3820 indagatione
739 3766 860 3821 quaerere
881 3758 1047 3809 curaremus.
1097 3755 1202 3811 tuiisad
1216 3746 1507 3823 anathematisandum,
1522 3772 1583 3813 cum
1598 3757 1636 3812 iili
1663 3758 1696 3813 ad
1719 3757 1802 3814 ileum
1826 3758 1884 3829 jam

261 3840 295 3896 Et
307 3843 364 3896 baec
374 3841 566 3911 investigantes
578 3842 742 3898 advertimus
756 3843 842 3899 beatae
855 3845 1048 3901 reeordationis
1097 3845 1290 3914 migraverint:
1306 3852 1336 3900 et
1358 3859 1407 3900 ros
1426 3844 1473 3914 qui
1494 3845 1550 3914 iam
1561 3846 1644 3901 vitam
1661 3846 1885 3917 reliquerautsu·

261 3931 389 4002 cyrillum
400 3929 590 3988 Alexandrinae
600 3933 716 3991 civitatis
728 3934 876 3991 antistitem
888 3935 923 3990 de
933 3950 1048 4006 persona
1096 3948 1259 4005 pervacuum
1273 3942 1316 3989 est
1329 3933 1450 4002 injuriari
1460 3942 1522 4005 post
1532 3944 1658 4000 mortem,
1670 3950 1739 4005 quos
1750 3951 1800 3992 nec
1809 3937 1887 3992 viros

256 4020 313 4091 iam
326 4021 425 4076 mortui
437 4020 574 4078 Theodori
585 4023 705 4094 episcopi
718 4024 815 4081 ioanni
826 4027 981 4083 reverendae
992 4043 1049 4084 me·
1096 4029 1243 4100 aliquando
1252 4030 1430 4101 culpavimus.
1446 4031 1480 4087 Et
1493 4041 1556 4104 post
1570 4049 1655 4103 pauca
1668 4053 1675 4090 :
1690 4032 1755 4091 Post
1768 4036 1886 4092 subscri·

260 4111 354 4166 morire
372 4111 546 4168 Antiocheam
560 4114 677 4170 civitatis
689 4116 827 4187 episeopo,
852 4117 896 4173 vel
918 4117 1048 4174 (trientali
1096 4122 1217 4191 ptionem
1231 4130 1323 4177 autem
1348 4125 1424 4188 tomi,
1448 4131 1552 4193 etpost
1566 4125 1744 4194 abjectionem
1759 4127 1888 4197 capitulo-

259 4192 363 4272 syn‘odo
377 4201 411 4255 ad
425 4200 493 4270 ejus,
505 4201 608 4258 litteras
621 4206 824 4272 rescribentem,
840 4206 911 4263 inter
934 4208 986 4264 alia
1009 4209 1046 4263 ita
1096 4229 1165 4280 rum,
1186 4210 1246 4283 dam
1266 4214 1343 4284 errius
1368 4217 1423 4271 sint
1437 4216 1600 4286 ignoramus,
1623 4217 1752 4273 cuutinrro
1766 4233 1886 4289 praepara

260 4289 401 4344 tradidisse
412 4307 419 4344 τ
432 4287 497 4357 Qum
508 4292 611 4360 prolata
621 4301 663 4348 est
676 4294 702 4348 in
724 4305 817 4351 sarreia
831 4296 933 4368 synodo
959 4296 1048 4367 Ephe·
1096 4302 1238 4358 diaconum
1253 4303 1425 4379 Theodorum
1438 4306 1529 4361 venire
1543 4305 1576 4361 ad
1590 4308 1691 4375 regiam
1704 4302 1848 4364 civitatem.

260 4380 319 4436 sina
333 4381 465 4449 delinitio,
481 4382 562 4437 veluti
584 4398 599 4437 a
614 4382 757 4441 Theodoro
771 4385 908 4456 disposita,
924 4388 993 4444 sicut
1007 4389 1048 4445 ol·
1134 4389 1287 4462 Perpendat
1296 4406 1361 4462 ergo
1372 4394 1583 4464 pietatisvestrae
1592 4396 1722 4466 sapientia
1733 4396 1885 4465 singularis,

260 4472 378 4529 iercntes
399 4471 539 4536 dicebant,
565 4474 631 4530 nibil
655 4476 756 4532 habens
780 4492 889 4543 sanunr,
907 4479 1049 4535 evacuavit
1062 4481 1084 4539 li
1097 4480 1160 4550 quia
1173 4479 1284 4537 Procius
1296 4481 1493 4538 eruditissimus
1503 4485 1684 4547 sacerdotum,
1700 4493 1727 4538 et
1741 4500 1796 4539 non
1807 4485 1887 4553 longe

259 4562 367 4632 quidem
382 4577 443 4616 earu
455 4571 547 4619 sancta
561 4564 678 4636 synodus
687 4564 770 4621 reluti
781 4582 966 4636 perversarum
988 4568 1046 4637 pte·
1097 4586 1113 4627 a
1137 4571 1274 4628 Theodori
1288 4572 1470 4643 iiopsuesteni
1484 4574 1539 4628 rita
1554 4583 1686 4643 repertus,
1701 4575 1770 4630 mala
1784 4589 1843 4645 qum
1855 4576 1887 4631 li-

259 4667 321 4706 nam
331 4651 579 4719 intelligentiarum,
594 4652 777 4712 condemnans
790 4656 854 4711 item
869 4671 918 4713 eos
935 4657 982 4728 nui
1005 4658 1045 4713 sic
1096 4661 1193 4718 beuter
1205 4663 1380 4719 damnaverat
1391 4664 1468 4733 cujus
1480 4672 1572 4719 essent
1583 4680 1614 4720 se
1624 4664 1680 4733 jam
1704 4673 1768 4721 tunc
1781 4665 1885 4736 proies·

259 4741 375 4811 sapiurrt.
389 4740 566 4811 Dispensatim
577 4759 642 4800 vero
661 4746 825 4802 mentionem
841 4747 957 4803 virinou
971 4748 1044 4815 iecit,
1096 4768 1142 4810 sus
1152 4762 1194 4808 est
1207 4753 1341 4821 ignorare.
1354 4752 1407 4808 Sed
1418 4768 1506 4822 neque
1521 4754 1546 4808 in
1561 4764 1656 4810 sancto
1678 4770 1710 4809 ac
1733 4757 1887 4811 venerando

260 4845 347 4899 neque
365 4847 426 4886 eum
453 4833 609 4888 nominatim
635 4836 800 4892 anathemati
817 4838 1046 4910 subtilioraque
1096 4842 1308 4899 chalcedonensi
1323 4844 1439 4900 coneilio
1453 4844 1552 4912 aliquid
1578 4844 1612 4899 de
1635 4845 1732 4915 saepius
1754 4845 1885 4913 designati

258 4920 335 4975 alins.
352 4920 438 4990 ipsam
448 4937 514 4977 vero
523 4924 653 4995 synodum
668 4923 827 4995 Ephesinanr
843 4926 956 4997 primam
969 4927 1045 4983 solii-
1096 4933 1279 5005 iiopsuesteni
1303 4933 1437 4989 Theodori
1460 4934 1581 5004 episcopi
1604 4935 1713 4990 nomine
1736 4934 1887 4990 invenimus

258 5011 311 5065 cite
324 5019 506 5079 recensentes,
522 5012 588 5067 nilril
600 5012 633 5067 de
647 5012 781 5071 Theodori
797 5015 975 5086 iiopsuesteni
985 5032 1045 5086 per·
1095 5031 1223 5079 statutum
1236 5024 1279 5078 vel
1293 5021 1392 5078 dictum
1405 5039 1466 5080 esse
1479 5026 1654 5089 cartenarium,
1682 5024 1746 5078 durn
1764 5025 1791 5078 in
1815 5026 1890 5082 rela-

257 5113 323 5152 sona
337 5097 437 5154 reierre
447 5102 636 5169 comperimus,
653 5101 700 5156 sed
715 5102 876 5173 symbolum,
890 5104 961 5173 quod
972 5104 1044 5161 cna·
1095 5113 1179 5179 tione,
1194 5126 1274 5180 quarn
1284 5112 1378 5167 eadem
1391 5112 1542 5168 veneranda
1552 5112 1671 5184 synodus
1680 5113 1731 5182 pim
1745 5113 1881 5168 memorias

257 5188 335 5245 risius
346 5190 486 5263 presbyter
500 5191 553 5277 iilic
562 5191 688 5261 prodidit,
701 5193 786 5263 magis
799 5195 860 5265 quia
874 5196 907 5250 ab
922 5196 1042 5251 Albana·
1094 5202 1231 5260 iiareiauo
1240 5210 1304 5259 tunc
1318 5203 1474 5274 imperatori
1495 5204 1651 5271 transmisit,
1663 5218 1744 5273 quarn
1758 5220 1884 5274 vosque·

257 5279 297 5334 tio
316 5289 344 5334 ct
357 5279 465 5349 Photio,
479 5283 524 5350 qui
539 5290 604 5336 tunc
618 5283 747 5351 temporis
770 5284 895 5340 haeretico
918 5284 1041 5343 Nestorio
1085 5308 1148 5363 >que
1161 5295 1258 5350 vostris
1271 5295 1382 5362 legibus,
1394 5294 1457 5349 dum
1468 5294 1618 5350 orthodoxa
1629 5295 1795 5367 professione
1803 5309 1884 5351 unum

257 5368 440 5434 adhaerebant,
457 5386 505 5439 per
520 5371 663 5424 britonium
682 5379 710 5426 et
723 5370 852 5428 iacobum
863 5375 971 5429 nomina
985 5384 1044 5431 tan·
1096 5382 1131 5437 de
1143 5392 1237 5439 saucta
1252 5382 1381 5438 Trinitate
1394 5382 1529 5439 Cirristunt
1540 5383 1624 5438 ileum
1636 5401 1668 5440 ac
1681 5386 1822 5442 [luminum
1835 5402 1886 5442 no·

258 5468 313 5514 ¹⁰¹¹*
340 5460 558 5530 Pfssibi'leffllll'l'
584 5461 716 5517 hillini&
740 5463 773 5517 ³⁴1
800 5461 1043 5534 Philadelpbiururu
1095 5481 1181 5529 strum
1204 5472 1385 5529 corriitenduru
1400 5475 1530 5541 astruitis,
1545 5475 1579 5529 ad
1595 5477 1884 5532 testimoniumiauda-

257 5554 386 5610 ecelesias
409 5554 489 5609 luerit
510 5555 693 5611 destinatum:
717 5571 750 5610 cx
775 5556 922 5626 nunciaret
937 5558 1043 5613 beatum
1095 5562 1184 5618 biiiter
1210 5564 1370 5630 adduxistis,
1395 5564 1491 5620 litterae
1512 5565 1673 5623 Antiocheni
1698 5567 1808 5624 ioannis
1822 5584 1884 5624 cum

256 5642 383 5713 Cyriiium
398 5646 451 5700 boc
463 5646 534 5715 qnod
550 5662 598 5716 per
611 5647 713 5705 litteras
731 5648 872 5720 proiltotur
892 5667 906 5704 a
923 5651 1043 5721 prolato·
1095 5649 1222 5708 Orientali
1236 5654 1339 5726 syuodo
1353 5652 1387 5708 ad
1408 5651 1587 5712 Theodosium
1601 5664 1665 5714 tuuc
1693 5658 1819 5728 piissimae
1841 5674 1887 5715 re·

256 5729 332 5787 rrbus
342 5733 447 5789 scilieet
456 5733 571 5805 symboli
579 5733 635 5805 iam
649 5734 769 5796 deiuncti
779 5738 913 5798 Theodori
923 5741 1042 5814 episcopi
1094 5743 1258 5801 cordationis
1280 5744 1429 5816 principem
1452 5745 1592 5806 destinata>
1615 5751 1803 5810 venerabiliter
1826 5766 1885 5809 me·
