4059 6184
1789 273 1851 329 tela

213 265 282 321 (liiii

816 266 850 322 lt.
872 270 1009 331 abuerit
1030 276 1227 336 casstoottttt

212 381 336 432 laniarent
360 376 558 440 Clrrtntnrern,
586 391 672 445 neque
696 377 831 432 nolentem
854 378 1005 434 saerilicnre
1023 387 1044 441 rt
1060 384 1092 437 ad
1103 399 1244 454 vesperam
1260 392 1406 455 portatam
1422 394 1597 454 porturrrunt
1613 385 1672 458 [rna.
1697 386 1850 451 Sorrthrod,

209 470 417 539 errrrrpellererrt;
433 476 530 537 sponte
554 483 618 523 vero
636 468 796 524 aecedentes
811 470 843 523 ad
857 486 919 525 aras
933 473 1006 541 prius
1059 477 1266 550 pompaverunt}
1286 478 1434 545 civitatem,
1448 487 1475 533 et
1488 478 1561 535 circa
1581 494 1643 535 sero
1660 495 1850 536 concremare·

209 567 313 639 expiari
326 566 399 639 apud
417 565 562 631 daemones,
577 563 740 634 purgarique
754 562 840 618 solitis
854 577 948 617 eornm
962 578 1005 617 sa·
1024 604 1030 613 .
1058 573 1130 620 runt.
1147 566 1224 624 ltrrtti
1240 568 1329 625 lerunt
1348 569 1519 638 drianorum,
1541 572 1613 641 quod
1632 573 1666 627 ab
1687 573 1851 631 amatoribus

208 642 316 715 nitran
328 657 505 730 praeparabat.
520 654 633 710 Clerieis
647 663 736 709 antem
751 654 842 709 ornnia
856 653 1004 723 privilegia,
1058 655 1198 716 Athanasii
1213 660 1239 715 id
1254 660 1353 717 laetum
1373 662 1422 731 sit;
1445 663 1493 719 sed
1512 678 1564 735 ego
1587 680 1651 721 reor
1671 665 1850 722 indubitanter

209 755 326 807 bonores
339 749 600 817 consuetudinesque
615 746 756 810 subtraxit,
773 753 801 800 ot
818 745 891 814 leges
905 745 1006 816 positas
1026 766 1029 771 ·
1057 746 1110 804 lroc
1124 748 1219 806 lesisse
1232 752 1354 821 gentiles,
1366 768 1427 809 cunr
1442 754 1536 825 utique
1546 763 1575 810 et
1586 759 1711 826 querelas
1721 756 1850 812 baberent

208 860 256 914 pro
280 843 320 899 eis
341 842 431 908 solvit,
456 842 582 912 ipsosque
605 840 687 895 errriaa
712 838 837 905 trarlidit;
854 837 934 892 simul
948 846 1006 894 eta
1057 839 1186 896 adversus
1198 857 1260 897 eunt
1274 851 1387 915 propter
1404 843 1476 900 idola
1499 852 1528 900 et
1548 846 1714 917 templorum
1728 846 1847 917 injurias.

206 935 353 1003 virginibus
367 942 396 990 et
408 932 495 988 viduis
513 947 574 1002 qum
593 946 643 1001 pro
666 930 778 1001 penuria
802 930 873 986 inter
891 929 1006 987 clericos
1057 929 1319 1003 prohibitionemque
1332 933 1544 992 solemnitatum.
1565 935 1645 1004 Quod
1662 937 1745 993 etiam
1767 936 1849 992 luilla-

207 1028 398 1097 pascebantur,
411 1024 491 1094 jussit
513 1024 582 1091 erigi
607 1038 638 1080 ea
662 1037 723 1092 qnae
742 1021 842 1077 dudurn
861 1036 876 1076 a
896 1021 1005 1092 publico
1056 1035 1107 1076 nus
1124 1021 1164 1077 sic
1182 1037 1213 1079 se
1233 1023 1359 1080 habuisse
1377 1032 1492 1082 testatur
1511 1040 1559 1097 per
1574 1025 1676 1082 litteras
1686 1025 1721 1082 ad
1732 1029 1848 1083 Alexan·
1940 1028 1950 1043 '

206 1117 343 1188 accepisse
367 1115 537 1172 videbantur.
561 1111 757 1169 Constantinus
770 1111 841 1167 eninr
856 1112 1005 1182 imperator
1055 1110 1147 1168 drinos
1161 1115 1267 1183 missas,
1282 1116 1309 1172 in
1324 1117 1422 1189 quibus
1435 1116 1528 1189 culpat
1544 1133 1592 1174 eos
1606 1133 1767 1190 plenamque
1780 1119 1848 1175 rela-

206 1208 354 1278 disponens
374 1221 419 1263 res
442 1206 629 1272 ecclesiaram,
648 1203 791 1274 unicuique
813 1203 914 1260 civitati
938 1219 1004 1274 pro·
1056 1210 1112 1269 xat,
1126 1206 1203 1274 quasi
1217 1214 1329 1278 propter
1342 1209 1522 1265 reverentiam
1542 1209 1661 1281 Serapis,
1683 1224 1763 1280 qoem
1781 1211 1844 1267 civi·

205 1302 304 1372 spexit,
320 1308 350 1355 ut
371 1299 460 1355 clerus
477 1296 637 1353 sutlrcientia
652 1297 834 1353 emolumenta
849 1297 908 1371 [mr.
928 1297 1003 1370 lgr„
1054 1293 1118 1348 tatis
1140 1304 1360 1353 conservatorem
1384 1296 1461 1364 dicit,
1482 1306 1511 1353 et
1532 1297 1680 1356 Alexandri
1699 1298 1848 1357 conditoris

206 1392 344 1467 alimenta]
355 1395 517 1465 perciperet,
532 1401 561 1447 ct
572 1393 625 1447 hoo
638 1392 697 1462 lege
711 1391 923 1463 llrnravit3quod
939 1392 1005 1449 hae·
1054 1385 1127 1453 01⁰⁵·
1154 1401 1259 1443 necuim
1280 1387 1380 1446 delibui
1405 1391 1533 1448 avunculi
1557 1391 1615 1458 ⁸⁰5·
1640 1392 1667 1447 5¹¹
1695 1393 1848 1464 ll²ilanime

207 1496 294 1551 tonus,
308 1494 417 1542 mortuo
436 1483 555 1548 loliano,
577 1491 711 1539 servatur.
734 1483 812 1540 lianc
834 1483 1003 1539 exactionem
1054 1473 1146 1532 devoti
1158 1487 1185 1533 el
1196 1476 1364 1538 Christianos
1374 1480 1454 1538 nimis
1464 1480 1590 1538 odientis·
1599 1481 1749 1549 Solotteis
1760 1482 1805 1539 Εὖ·
1817 1498 1845 1548 l·

205 1579 283 1634 aiunt
292 1577 372 1633 trimis
386 1575 468 1632 luisse
482 1573 633 1632 crudelem.
646 1574 794 1631 Aulerebat
805 1574 877 1631 enim
889 1575 1004 1631 subinde

205 1670 333 1740 pecunias
355 1676 384 1723 et
403 1676 563 1725 ornamenta
586 1682 679 1734 sacrm
694 1667 849 1739 templaque
865 1667 916 1723 sub
931 1665 1003 1722 Con-

1054 1581 1111 1636 cup.
1129 1566 1155 1633 7,
1171 1588 1198 1642 p.
1214 1569 1276 1625 bes.
1357 1597 1362 1603 ·
1570 1634 1575 1639 ,

1367 1685 1483 1744 CAPUT
1502 1686 1535 1743 X.

205 1761 323 1816 blandito
337 1767 366 1815 0²
379 1759 538 1815 Cfflllfflllt)
557 1757 670 1814 'subdela
689 1756 915 1824 dflsslfflebinltfft
931 1758 1002 1814 ⁶²¹&
1020 1769 1189 1837 BQuomodo
1210 1773 1331 1831 duliouus
1355 1778 1515 1849 (avunculos
1534 1778 1630 1835 iuliani
1647 1778 1795 1851 Apostolos)
1806 1795 1846 1834 eo

205 1851 238 1906 ad
257 1850 370 1907 aedtbcia
392 1849 514 1921 pecuniae
534 1864 628 1905 rursus
650 1849 835 1920 erigebantur.
852 1847 909 1905 lluc
923 1864 1003 1905 occa·

205 1944 282 1998 sione
300 1941 465 2008 sacerdotes,
479 1948 507 1997 et
524 1940 628 2010 elerici,
648 1950 676 1997 et
698 1940 814 2011 populus
834 1940 1002 1998 Christianus

204 2035 349 2093 crudeliter
360 2033 692 2104 rexauarrrursororrrn,
702 2033 748 2089 tto.
756 2050 782 2101 v,
794 2050 853 2106 cop.
862 2031 889 2103 5,
898 2050 924 2104 p.
936 2032 999 2089 600.

502 2166 619 2225 CAPUT
638 2167 705 2224 vttt.

204 2261 380 2317 Ilereditiorre
393 2260 463 2333 opud
477 2234 667 2315 Alexandriani
683 2269 741 2315 ortu
761 2270 852 2316 contro
871 2276 999 2333 poponus.

240 2351 375 2409 Periclem
389 2361 496 2422 tempus
509 2352 537 2406 in
548 2350 791 2407 Alexandrinorum
804 2351 920 2406 maxima
935 2349 1002 2406 ciri-

204 2449 260 2498 tate
274 2442 388 2512 contigit
404 2456 438 2496 ex
459 2439 612 2511 hujusmodi
625 2455 708 2497 causa
722 2441 829 2497 seditio.
845 2438 909 2496 Erat
923 2440 1001 2496 loeus

204 2531 312 2601 quidam
328 2531 355 2586 in
370 2531 480 2586 civitate
493 2530 611 2600 antiquis
623 2531 791 2601 temporibus
804 2530 943 2587 desolatus
956 2540 999 2586 at-

203 2637 257 2690 que
266 2620 416 2690 neglectos,
426 2620 565 2690 multaque
578 2620 819 2692 sordecnmpietus
830 2639 837 2675 τ
849 2621 893 2677 hic
903 2622 999 2692 pagani

204 2710 268 2764 olim
279 2709 336 2764 dem
349 2708 460 2764 llethrae
469 2708 663 2773 sacrilieantes,
675 2708 799 2766 homines
809 2710 998 2779 immolabant;

102 2800 112 2807 ”
203 2816 284 2869 ιμιεηι
298 2801 387 2857 locum
408 2799 592 2867 Constantius,
607 2801 685 2872 tprasi
701 2812 854 2869 vacantem,
874 2801 999 2859 Ecclesim

204 2892 391 2948 Alexandrinae
404 2901 586 2949 concesserat.
612 2891 662 2949 llic
684 2890 817 2964 Georgius
830 2894 924 2950 volens
938 2910 1015 2950 ora·⁴

204 2987 303 3042 terium
329 2984 476 3051 fabricare,
503 2985 658 3057 repurgium
682 2983 806 3042 iaciebat.
833 2984 910 3053 Quod
935 2987 998 3042 dum

205 3083 290 3145 lieret,
306 3080 444 3135 inventum
460 3088 502 3135 est
519 3078 574 3135 illic
594 3078 705 3151 adytum
719 3079 747 3134 in
761 3079 844 3135 multa
858 3080 999 3151 profundi·

204 3180 260 3227 tate
273 3179 467 3237 constructum,
490 3171 517 3226 in
535 3186 589 3241 quo
602 3182 769 3242 paganorum
784 3173 912 3242 mysteria
926 3172 998 3227 cele-

203 3263 351 3317 brabantur
368 3262 427 3335 [ms.
453 3261 563 3327 Theod„
584 3262 764 3334 celabantur].
778 3262 864 3318 Erant
875 3262 948 3317 euim
963 3260 999 3317 ibi

203 3355 328 3410 calvariae
352 3354 491 3409 hominum
521 3352 662 3424 plurimae,
691 3353 823 3424 maiorum
839 3350 1001 3425 >panderet

203 3444 354 3513 infantium,
375 3444 420 3514 qui
449 3445 657 3515 perhibebantur
682 3444 737 3500 illie
757 3445 891 3509 exstincti,
913 3453 942 3499 ut
965 3460 1000 3500 ex

203 3552 297 3592 eorum
320 3537 467 3594 visceribus
485 3544 557 3592 artes
579 3537 689 3606 uragice
712 3545 913 3592 exercerentur.
937 3536 1000 3592 llaec

204 3631 284 3701 igitur
306 3630 451 3687 Christiani
474 3632 641 3702 reperientes
661 3631 688 3686 irr
707 3631 788 3702 adyto
803 3631 923 3698 methrae,
939 3641 999 3690 stu·

201 3725 317 3778 «luerunt
331 3721 365 3778 ad
380 3723 532 3779 irrisionem
546 3736 710 3792 paganorum
722 3722 854 3778 urriversis
864 3723 921 3779 haec
934 3722 998 3779 iact-

202 3829 268 3870 nora
283 3828 416 3883 reserare,
432 3813 659 3883 divulgabantque
679 3814 768 3885 capita
785 3813 924 3869 hominum
938 3830 998 3884 qum

202 3913 401 3974 compererant.
423 3903 486 3960 llaec
502 3904 673 3960 Alexandriae
693 3905 790 3975 pagani
811 3906 996 3976 respicientes,

202 4004 230 4049 et
254 3995 428 4067 opprobrium
451 4010 506 4050 non
527 3996 655 4063 terentes,
669 3997 709 4052 ira
731 4000 853 4054 succensi
875 4010 954 4069 sutrt;
970 4009 998 4056 et

200 4100 282 4139 mrrne
296 4083 368 4153 qnod
382 4084 417 4139 ad
431 4100 549 4155 praesens
563 4087 734 4156 invenerunt,
749 4104 825 4145 arma
835 4089 995 4161 judicantes,

201 4179 304 4246 irnpetu
317 4183 412 4232 contra
430 4176 600 4234 Christianos
623 4177 707 4250 lacto,
730 4164 830 4238 multos
853 4184 998 4239 intereme-

199 4276 272 4336 runt,
287 4267 355 4323 ulios
371 4267 477 4338 gladiis,
493 4269 562 4325 alios
575 4268 691 4327 testibus
709 4280 756 4327 aut
769 4273 913 4343 lapidibus,
928 4276 996 4332 alios

196 4357 307 4437 lutribus
325 4361 535 4427 strangulantes,
551 4362 683 4432 quosdam
704 4363 786 4419 etiam
809 4365 995 4435 crucifigentes

196 4635 249 4690 ruis
275 4645 427 4705 parcerent,
450 4635 498 4691 sed
522 4637 697 4707 philosophos
722 4638 913 4710 philosophum
933 4655 994 4711 per·

195 4727 290 4795 cussit,
309 4735 336 4781 et
356 4725 440 4781 irater
454 4726 574 4793 fratrem,
588 4736 666 4796 pater
679 4729 748 4784 lilios
766 4737 794 4783 ct
815 4741 951 4799 parentes,
966 4738 994 4786 et

196 4820 310 4875 itrvicorrr
325 4819 351 4873 iu
366 4834 414 4874 sna
429 4833 496 4874 ttece
506 4819 621 4889 grassati
636 4827 708 4874 sunt.
726 4820 906 4887 Quamobrem
919 4822 994 4877 Chri·

195 4911 275 4966 stiani
289 4911 413 4966 eumdem
428 4909 518 4965 locuto
529 4924 645 4982 purgare
656 4910 827 4981 quieveruut.
839 4912 990 4982 Sounares,

194 5003 239 5059 lib.
256 5019 295 5079 tu,
310 5020 367 5075 cap.
382 5004 410 5069 2,
425 5022 451 5076 p.
466 5003 527 5058 ild.

451 5136 533 5207 286
551 5133 665 5192 caput
685 5135 729 5191 tlt.

242 5227 376 5294 Quomodo
391 5230 585 5286 dhoundrimtr
600 5229 725 5304 Georpirts
737 5234 771 5289 tit
785 5235 937 5288 exstitrctur.

226 5319 332 5376 Interea
344 5335 406 5375 curn
419 5318 525 5389 judices
538 5318 744 5378 denuntiassent
757 5332 892 5378 mortuum
907 5323 990 5379 lursse

191 5410 380 5468 Constantium
393 5420 421 5467 et
435 5412 570 5484 imperare
586 5410 732 5478 lulianum,
747 5415 907 5471 seditionem
924 5414 989 5470 lecit

191 5502 217 5558 in
244 5502 405 5558 Alexandria
428 5504 544 5575 poptrlus
564 5519 742 5576 paganorum,
757 5515 785 5561 et
798 5507 900 5578 impetn
917 5507 987 5564 lacto

190 5608 272 5662 super
289 5591 445 5663 Georgium,
467 5595 582 5651 vinculis
602 5611 664 5652 eum
688 5597 875 5667 alligaverunt.
900 5598 986 5665 erenr

1088 1844 1182 1899 ctesias
1195 1846 1318 1902 clauserit
1335 1858 1360 1903 et
1375 1850 1489 1905 ecclesius
1500 1859 1652 1906 ornamento
1665 1851 1808 1921 diripuerit.

1089 1933 1191 1991 Dicitur
1202 1937 1274 1992 eninr
1285 1937 1348 2007 quia
1361 1938 1479 1994 studium
1490 1938 1614 1995 habuerit
1625 1946 1655 1994 nt
1667 1939 1694 1995 irr
1704 1940 1846 1995 thesauros

1053 2024 1243 2097 imperatorios
1253 2027 1367 2097 plurimu
1378 2035 1406 2084 et
1415 2030 1533 2099 pretiosa
1540 2027 1666 2086 Ecclesia
1673 2030 1845 2086 Antiocheno

1050 2131 1117 2172 vasa
1131 2118 1300 2186 reconderet,
1316 2128 1345 2176 et
1358 2120 1421 2191 quia
1436 2121 1577 2178 clausisset
1595 2122 1736 2191 ecclesias,
1748 2130 1776 2177 et
1791 2122 1846 2177 uni·

1051 2225 1145 2269 versos
1154 2212 1268 2269 elericos
1279 2212 1431 2283 allegasset,
1442 2225 1470 2270 et
1479 2202 1566 2271 solum
1579 2223 1642 2270 tnnc
1652 2213 1843 2270 Theodoriturrr

1051 2304 1158 2361 stetisse
1181 2306 1377 2376 presbyterum.
1391 2296 1478 2374 erem
1497 2322 1559 2363 curn
1578 2315 1705 2377 tanquam
1719 2321 1844 2363 rasorum

1051 2398 1190 2455 custodem
1214 2398 1438 2470 comprehensum
1460 2400 1606 2456 crudeliter
1625 2402 1780 2465 sauciasset,
1795 2417 1845 2457 no·

1051 2491 1160 2547 vissime
1184 2489 1275 2561 gladio
1300 2491 1429 2563 praeeepit
1451 2491 1547 2548 occidi.
1574 2491 1624 2559 Qui
1647 2491 1754 2548 leniter
1776 2493 1846 2549 inter

1051 2585 1175 2640 universa
1190 2593 1325 2641 tormenta
1347 2585 1496 2655 respondit,
1518 2594 1547 2641 et
1565 2602 1615 2657 pro
1633 2585 1766 2656 dogmatis
1778 2602 1845 2643 eon·

1051 2674 1167 2732 sessione
1182 2675 1243 2750 [mr.
1263 2674 1338 2748 Lyn,
1354 2673 1521 2749 defensione]
1534 2676 1641 2733 devicit.
1653 2675 1774 2748 Cumque
1786 2678 1846 2733 uni·

1050 2784 1128 2825 versa
1143 2769 1199 2825 Deo
1210 2769 1298 2826 dicata
1314 2784 1376 2826 rasa
1389 2778 1417 2825 et
1431 2771 1511 2843 pallia
1525 2771 1688 2842 collegisset,
1701 2773 1846 2844 projiciens

1051 2864 1109 2919 haee
1133 2865 1158 2920 in
1182 2872 1292 2929 terram,
1316 2865 1488 2921 contumeliis
1511 2874 1539 2921 et
1560 2865 1674 2936 injuriis,
1697 2875 1728 2922 ut
1748 2868 1846 2938 voluit,

1051 2970 1133 3027 agens
1151 2956 1296 3023 Christum,
1321 2972 1402 3029 super
1421 2971 1453 3012 ea
1474 2958 1555 3012 etiam
1574 2957 1653 3027 sedit,
1668 2968 1697 3013 et
1709 2960 1846 3015 commum

1052 3050 1127 3104 aurit
1139 3048 1306 3119 injuriarum.
1323 3047 1440 3121 lloxque
1451 3050 1568 3105 verenda
1580 3049 1637 3120 ejus
1649 3059 1678 3105 et
1689 3050 1748 3107 loca
1762 3050 1847 3107 lemo-

1014 3137 1037 3199 C
1053 3142 1126 3197 ribus
1139 3142 1328 3212 circumposita
1344 3142 1467 3197 teruntur
1479 3157 1539 3198 esse
1553 3156 1689 3213 percussa,
1702 3152 1731 3200 et
1743 3143 1776 3198 ad
1787 3152 1847 3199 tarr-

1053 3245 1107 3289 tam
1122 3235 1245 3306 pervenit
1260 3248 1344 3305 usque
1365 3233 1545 3305 putredinem,
1562 3243 1591 3291 ut
1612 3250 1717 3291 vermes
1731 3245 1846 3301 crearet,

1052 3325 1162 3381 medicis
1184 3324 1370 3380 laborantibus
1389 3338 1440 3380 nec
1458 3324 1609 3381 valentibus
1622 3324 1731 3380 uincere
1745 3325 1845 3395 passio-

1051 3432 1122 3472 nem.
1154 3415 1372 3471 Conlieiebantur
1401 3414 1474 3470 enirn
1500 3413 1651 3471 omnirnoda
1676 3417 1846 3487 pretiosaque

1052 3510 1229 3567 medicamina
1244 3524 1278 3565 ex
1292 3509 1434 3580 pinguibus
1448 3508 1610 3576 volatilibus,
1626 3516 1656 3565 ut
1670 3525 1764 3565 eorum
1776 3526 1843 3565 eras

1050 3602 1167 3659 situdirre
1185 3612 1312 3671 corrupta
1327 3608 1354 3655 et
1368 3599 1474 3669 putrida
1489 3600 1609 3654 mernbra
1622 3600 1773 3655 linirentur.
1789 3599 1845 3655 lloe

1051 3690 1122 3748 laeto
1142 3706 1248 3747 uermes
1271 3690 1305 3744 ad
1329 3689 1498 3761 superficient
1521 3692 1715 3760 provocabant,
1733 3692 1797 3762 qnia
1820 3692 1845 3746 in

1049 3781 1183 3856 profundo
1205 3783 1374 3847 ebullientes,
1392 3786 1466 3838 vivas
1482 3783 1670 3853 discerpebant
1691 3799 1797 3840 carnes.
1813 3783 1848 3837 Et

1050 3876 1136 3932 donce
1150 3885 1312 3944 moreretur,
1331 3891 1395 3930 rrorn
1405 3872 1453 3929 luit
1469 3876 1503 3930 ab
1519 3874 1570 3930 bac
1584 3875 1707 3945 passione
1723 3890 1845 3931 securus.

1049 3970 1107 4027 lloc
1120 3972 1210 4040 itaque
1224 3969 1322 4039 claruit
1342 3968 1431 4024 divina
1453 3967 1634 4038 indignatione
1653 3976 1769 4036 gesture,
1784 3983 1845 4023 cnm

1048 4064 1131 4119 etiam
1143 4062 1269 4119 custodes
1282 4062 1459 4133 imperialium
1476 4061 1674 4123 thesaurorum,
1688 4065 1717 4113 et
1728 4059 1773 4113 alii
1786 4058 1839 4129 plo

1048 4154 1110 4211 riuti
1124 4153 1251 4210 adversus
1266 4152 1394 4209 ecclesius
1409 4153 1585 4221 insurgentes,
1601 4150 1739 4220 inopinata
1752 4155 1780 4203 ct
1794 4148 1848 4203 rni-

1047 4245 1162 4304 seranda
1177 4243 1396 4301 mortedeluneti
1411 4252 1482 4306 sunt,
1498 4243 1572 4312 qnasi
1592 4254 1708 4311 superna
1723 4239 1844 4309 indigna·

1048 4341 1122 4396 tione
1135 4338 1264 4394 damnati.
1280 4336 1426 4402 moenem,
1443 4335 1488 4391 iih.
1504 4353 1530 4401 v,
1544 4353 1601 4406 cop.
1615 4334 1642 4389 ·t.
1657 4332 1731 4389 Edit.
1745 4330 1845 4387 Christ.

96 4454 99 4461 '
198 4451 231 4505 ad
254 4459 355 4507 sancte
377 4452 464 4507 crocis
483 4452 617 4522 injuriam,
633 4454 764 4523 plurimos
776 4454 888 4511 divorsis
901 4456 993 4510 vulne·
1052 4435 1140 4491 VW-
1155 4451 1214 4505 cop.
1229 4431 1256 4501 8,
1271 4450 1298 4504 Ρ·
1314 4431 1377 4486 ⁰⁰²·

197 4544 271 4598 ribus
287 4542 447 4613 affligentes.
464 4542 497 4597 Et
511 4544 548 4599 ita
562 4554 667 4613 gestum
682 4554 734 4611 est,
751 4554 779 4600 ut
794 4562 880 4617 neque
903 4548 994 4617 proxi·
1009 4518 1034 4578 ⁰

1351 4562 1466 4619 cuettl
1486 4560 1531 4617 tlt.

1093 4696 1103 4713 κ
1118 4662 1157 4718 De
1170 4659 1292 4728 Eusebio,
1309 4658 1433 4714 Nectario
1446 4667 1470 4711 et
1487 4652 1768 4725 Zenorremurtpribus.

1082 4764 1130 4821 llis
1142 4765 1231 4831 dietis,
1246 4771 1352 4833 tempus
1365 4768 1407 4817 est
1420 4768 1450 4815 ut
1468 4758 1625 4813 meritoriam
1642 4757 1775 4812 iaciamus
1787 4752 1845 4810 Cu·

1044 4855 1123 4919 selrii,
1146 4854 1264 4911 Nectarii
1287 4861 1316 4909 et
1339 4850 1456 4907 Zenonis
1480 4848 1591 4903 tratrem
1615 4846 1845 4911 Christianorum,

1045 4959 1138 5003 contra
1160 4963 1230 5017 qnos
1253 4945 1343 5002 odinrn
1369 4950 1529 4999 exercentes
1556 4941 1647 5011 populi
1670 4939 1844 5005 (laneorum,

1043 5040 1116 5094 domi
1136 5040 1238 5093 celatos
1257 5045 1287 5092 ct
1306 5035 1527 5104 comprehensos,
1544 5029 1712 5099 vinculisque
1726 5029 1844 5085 traditos

1043 5141 1126 5200 atquc
1148 5130 1305 5199 flagellatos,
1329 5135 1423 5199 postea
1442 5124 1634 5181 convenientes
1649 5124 1676 5177 in
1692 5123 1843 5185 theutrum,

1042 5222 1170 5278 adversus
1182 5235 1230 5277 eos
1245 5221 1363 5276 clamare
1377 5225 1527 5288 ooeperuut,
1541 5212 1619 5284 quasi
1631 5228 1727 5269 corum
1738 5212 1842 5282 templa

1041 5315 1237 5373 destruxissent
1247 5323 1275 5370 et
1287 5313 1313 5367 in
1325 5311 1435 5380 injurias
1448 5323 1612 5380 paganorum
1624 5307 1763 5378 praeterito
1772 5314 1847 5360 tern-

1040 5424 1108 5480 pore
1127 5407 1210 5463 multa
1233 5406 1387 5476 gessissent.
1410 5403 1531 5473 Cumque
1554 5403 1709 5465 alterutros,
1723 5407 1753 5455 ut
1765 5398 1842 5467 vulgi

1041 5499 1123 5553 moris
1144 5507 1195 5562 est,
1213 5495 1373 5559 excitarent,
1388 5498 1581 5549 concurrentes
1593 5489 1627 5544 ad
1645 5503 1793 5552 carcerem,
1809 5496 1842 5544 el

1040 5591 1187 5647 educentes
1207 5604 1255 5644 eos
1278 5585 1424 5642 crudeliter
1446 5583 1612 5648 oeciderunt,
1627 5597 1699 5637 nrrnc
1716 5582 1742 5636 irr
1763 5589 1843 5639 terra

191 5693 252 5752 post
271 5683 408 5753 paululum
423 5687 564 5743 venientes
586 5687 619 5742 ad
642 5704 778 5744 carcerem
802 5697 988 5761 peremerunt,
1039 5700 1149 5757 pronos,
1166 5698 1238 5739 nune.
1251 5681 1362 5751 supinos
1376 5678 1523 5743 trabentes,
1538 5684 1620 5746 atque
1640 5674 1838 5745 percutientes,

191 5773 303 5843 eiusque
316 5774 432 5830 cadaver
448 5778 616 5848 imponentes
635 5779 779 5843 samsima
798 5794 879 5835 ruane
899 5794 985 5849 usqua
1039 5785 1067 5832 et
1081 5777 1252 5833 vulnerantes
1265 5772 1353 5844 lignis,
1376 5768 1509 5841 lapidibus
1532 5776 1615 5838 nbprte
1640 5765 1763 5823 lustdrus.
1779 5767 1838 5819 uu-
