4059 6184
185 162 244 223 ⁸85
786 194 790 201 ’
898 170 1129 229 antedonem
1784 195 1836 253 w,

187 283 276 363 igitur·⁴
286 280 371 364 aliam
381 280 487 365 vivendi
501 284 621 353 rngnlam
636 286 696 350 sibi,
718 295 745 342 ct
769 287 825 345 suis
843 290 985 345 moiracliis
999 296 1024 354 Λ
1038 291 1138 346 liiiocd.
1153 309 1214 349 enni
1228 294 1332 365 pruriat.
1348 288 1503 358 Cassiodori
1525 303 1553 359 ln
1572 303 1694 363 Psalmos
1726 318 1756 365 et
1773 327 1835 367 cum

185 355 334 420 delegisset
347 369 388 434 vir
401 353 510 421 quidem
533 355 686 412 Christiane
697 358 815 427 probus,
831 358 879 414 sed
892 360 982 416 bacte-
1038 361 1141 430 iisque
1154 363 1271 422 diximus
1282 367 1309 421 in
1323 369 1381 436 ejus
1391 371 1452 426 vitu
1468 382 1536 442 part.
1553 391 1581 437 ιι,
1598 376 1612 447 5
1628 376 1673 433 56.
1695 348 1703 375 ’

186 439 241 505 iius
254 423 366 477 claustri
380 423 540 504 neophytus,
556 434 583 480 ct
596 428 641 497 qui
655 428 739 497 prima
758 429 877 497 iaciebat
889 445 986 485 inona-
1073 433 1100 486 5.
1121 431 1172 488 Par
1194 438 1265 505 apud
1291 448 1377 493 utrum
1401 458 1434 495 ne
1457 459 1521 496 cura
1550 445 1717 502 intirmorum
1750 458 1778 504 et
1800 452 1836 506 tle

185 503 265 550 stice
286 492 468 575 perfectionis¹
485 496 683 579 fundamenta„
694 499 745 553 nisi
769 499 984 566 Benedictinam,
1037 501 1141 559 balneis
1155 504 1182 559 in
1198 521 1291 561 eorum
1304 456 1454 566 subsidium
1474 517 1673 580 construendis,
1691 488 1760 585 edne
1774 536 1836 577 ver-

187 579 270 634 quain
280 572 386 619 ueteris
396 564 522 620 omnibus
542 567 761 647 excellentiorem
775 577 803 624 et
817 573 987 640 praestantio-
1037 571 1080 628 liis
1107 575 1268 630 cobserent:
1290 576 1446 635 Balnearum
1466 600 1538 647 usati,
1563 586 1649 653 iuquit
1673 587 1836 646 Benedictus

191 650 248 702 ectu
264 641 394 716 essetota
417 631 668 719 intrabaturltalnia,⁸
682 653 817 708 quamque
841 656 936 696 omnes
959 641 985 696 iii
1037 658 1098 712 cap.
1127 643 1161 697 sa·
1183 644 1263 715 ling,
1291 649 1414 718 iiiiirmis,
1437 654 1538 724 «pantica
1555 658 1669 724 expedit,
1696 658 1832 727 offeratur.

187 717 340 760 xiionastica
360 703 733 787 dtsctplttra“exercitatiores
751 712 821 764 ultro
846 712 986 781 amplexa·
1037 712 1137 767 liuluen
1150 731 1259 788 quoque,
1274 717 1361 788 innuit
1372 720 1440 776 alter
1451 738 1512 792 cap.
1527 723 1561 777 ab
1575 727 1621 780 titi.
1637 727 1671 781 tle
1686 727 1745 782 [ιιι.
1756 728 1819 784 Litt.
1848 741 1858 777 r

187 775 304 830 bantur?
318 772 388 828 Nutu
402 787 468 856 ergo
482 774 542 858 aliis
555 777 679 858 omnibns
693 779 727 832 ad
738 778 767 835 S.
782 780 920 836 Benedicti
932 781 987 837 lie·
1036 796 1206 854 coriprueutcr
1219 790 1296 858 capric
1310 798 1460 858 preparati
1475 795 1624 864 corporibus
1631 796 1756 865 jussiotes
1769 772 1834 855 tadiI
1849 786 1852 800 ¹

187 848 277 913 gulam
300 845 482 927 currentibus.
504 856 591 916 inquit
618 852 869 931 cpus'synclironits
903 852 987 907 abbas
1036 854 1126 924 picuri5
1143 871 1193 910 nec
1207 860 1295 912 minor
1309 861 1448 942 utriusque
1464 864 1643 932 providentia,
1663 866 1728 938 quin
1745 870 1834 937 potins

186 915 346 998 Fundanus,
362 929 426 996 ipsis
440 924 523 970 etiarn
534 917 675 973 abbatibus
689 936 716 974 iii
735 937 831 976 novam
847 920 918 977 banc
933 921 985 977 Cr·
1037 925 1107 978 idem
1122 934 1252 981 statutum
1268 928 1297 982 ll.
1315 928 1452 987 Benedicti
1465 947 1525 1002 cap.
1539 934 1575 988 stt
1599 936 1665 1004 lieg.
1683 945 1711 991 ct
1722 937 1832 994 Cassio·

186 987 277 1040 elesiai
287 984 420 1066 regularis
434 988 574 1068 matricem
587 989 661 1043 velut
674 990 771 1045 iterato
787 993 986 1048 introeuntibus
1035 993 1216 1064 densauit
1233 998 1309 1053 citati
1325 999 1397 1067 libri,
1414 1018 1449 1058 iic
1465 1019 1481 1056 a
1502 1005 1679 1063 servitoribus
1693 1009 1833 1079 negligan-

185 1066 215 1110 et
226 1056 444 1135 renascentibus,
459 1055 637 1113 Cassiodorus
648 1060 722 1114 solus
736 1061 856 1117 haesisset
870 1063 896 1116 iii
913 1073 986 1118 vete·
1037 1072 1081 1117 tur
1094 1074 1267 1131 aegrotantes.

186 1143 247 1188 min
258 1125 451 1208 ccenobiorum'
461 1126 612 1194 ruderibus,
626 1145 661 1184 cii
672 1129 792 1198 ilisjectis
806 1142 833 1187 et
848 1131 985 1202 unleqiia-
1070 1131 1097 1187 l.
1117 1134 1189 1189 lieni
1205 1137 1275 1208 apud
1286 1154 1334 1194 cos
1348 1139 1538 1212 hospitalitatis
1551 1146 1649 1202 cultus.

185 1216 241 1273 que
264 1198 395 1264 dispersis
417 1197 531 1251 alioruin
549 1200 676 1254 maceriis
697 1217 794 1255 novam
815 1203 866 1257 sibi
886 1205 984 1257 molem
1072 1201 1098 1257 5.
1119 1203 1267 1262 liirabilem
1290 1210 1479 1266 bibliothecam
1503 1214 1667 1274 instruxerat
1686 1219 1831 1276 Cassiodo-

185 1264 451 1328 exciuitunisiNuin
467 1267 660 1349 aliisoninilius
676 1271 827 1338 peculiares
840 1273 986 1341 suaslegrs
1034 1288 1101 1340 rus,
1127 1282 1156 1330 ul
1181 1279 1307 1333 iiionaclii
1330 1280 1407 1347 juxta
1433 1282 1465 1336 b.
1498 1283 1636 1342 Briieilicti
1666 1299 1830 1359 praeceptum

187 1342 390 1421 deserentibus²
406 1336 635 1421 etlieuedictinas
650 1341 889 1409 amplectentibus,
905 1344 986 1399 dere·
1036 1346 1183 1413 acciperent
1196 1363 1285 1403 ornnes
1299 1351 1340 1403 siit
1359 1351 1415 1405 ulos
1426 1353 1527 1408 codices
1538 1356 1570 1408 dc
1588 1356 1741 1414 bibliotheca
1752 1360 1831 1432 (Rea.

186 1414 282 1469 littam
296 1413 331 1466 ab
346 1412 406 1464 aliis
417 1424 485 1464 viam
498 1422 639 1477 aggressus
652 1409 747 1465 inisset
759 1412 800 1466 vir
809 1413 986 1483 prudentissi·
1035 1412 1066 1466 S.
1081 1413 1178 1468 bened.
1193 1434 1252 1487 cup.
1265 1419 1314 1485 li03
1348 1437 1401 1475 ors.
1412 1421 1455 1476 lib.
1471 1422 1530 1479 Dio.
1544 1424 1618 1489 Litt.,
1630 1444 1689 1498 cup.
1704 1429 1739 1483 28
1748 1441 1773 1484 rt
1784 1419 1829 1482 ii·

185 1500 269 1539 tutis.
285 1490 333 1536 aut
344 1492 441 1537 riorum
456 1480 508 1536 sibi
523 1480 672 1560 paravisset
696 1481 736 1535 ιιι
749 1483 984 1539 modestissimus?
1036 1481 1102 1556 ch.
1116 1485 1146 1538 S.
1161 1484 1259 1542 Bened.
1276 1506 1334 1559 cup.
1347 1491 1398 1557 ib;
1412 1491 1485 1548 Cass.
1502 1495 1548 1548 lib.
1560 1494 1619 1549 Dio.
1633 1496 1697 1553 tui.
1720 1517 1750 1554 cu
1771 1468 1831 1567 ‚bis

230 1554 321 1608 uidem
342 1567 397 1633 non
411 1551 590 1633 dubitaverim
604 1551 669 1631 quin
691 1567 838 1608 succensus
858 1554 904 1610 ille
921 1569 985 1609 can-
1071 1557 1097 1608 u.
1119 1553 1150 1607 Et
1164 1558 1236 1625 quod
1248 1560 1353 1614 mireris
1368 1563 1498 1618 monitum
1515 1567 1599 1635 patris
1613 1568 1647 1622 dc
1663 1518 1774 1624 rilindi
1786 1570 1831 1638 jii-

184 1625 211 1679 di
233 1638 256 1677 ‘e
279 1624 387 1693 pictaus
401 1621 501 1687 studio,
517 1628 672 1701 monasticae
693 1621 864 1701 perfectionis
887 1640 983 1681 ainan-
1035 1623 1104 1690 giler
1117 1626 1239 1692 ardente,
1257 1629 1296 1683 sin
1311 1631 1443 1699 integrum
1458 1635 1544 1689 voluit
1565 1636 1634 1692 lilius
1647 1639 1785 1703 obediens,
1801 1648 1832 1692 iit

186 1695 316 1759 tissimus,
331 1700 361 1747 ct
374 1691 486 1746 fratrum
499 1688 630 1762 profectui
645 1693 776 1760 imprimis
788 1694 910 1758 deditus,
922 1710 983 1750 enm
1000 1677 1173 1764 Bperpctuai
1192 1697 1322 1768 lampadis
1343 1718 1419 1756 usum
1444 1702 1645 1763 vivariensibus
1662 1710 1832 1764 adinvenerit

185 1765 238 1819 sibi
252 1771 281 1819 et
300 1762 444 1819 coenobitis
457 1762 514 1817 suis
525 1762 699 1832 proposuerit
712 1762 868 1831 proliciendi
882 1766 985 1821 metbo·
1035 1780 1068 1819 ex
1081 1782 1112 1821 ca
1135 1765 1188 1820 ,50
1200 1767 1260 1822 libri
1275 1770 1360 1825 iiiviri.
1376 1771 1524 1829 litterarum
1541 1776 1619 1847 (licii.
1633 1794 1691 1850 cup.
1706 1778 1763 1852 ab).

185 1835 249 1916 darn
263 1842 293 1916 et
306 1847 440 1915 normam.
455 1845 515 1901 quae
529 1830 643 1914 'caeteris
658 1831 714 1900 jani
734 1835 911 1902 pinnatense
934 1853 985 1894 nec
1051 1881 1055 1887 .
1070 1835 1096 1888 i.
1116 1782 1173 1892 dieo
1184 1837 1258 1893 siluit
1270 1839 1401 1895 liaronius
1413 1843 1448 1897 ad
1461 1860 1561 1900 annum
1575 1834 1627 1901 bii
1638 1849 1829 1903 Cassiodoruin

185 1919 321 1978 quispiam
343 1918 394 1958 nisi
408 1902 489 1973 piane
509 1901 634 1956 divinans
656 1917 778 1959 asserere
798 1913 890 1973 queat,
911 1905 984 1977 quod
1034 1904 1074 1961 sic
1093 1908 1149 1961 sois
1163 1909 1268 1965 cauisse
1288 1911 1322 1965 ab
1341 1912 1415 1966 omni
1436 1915 1604 1970 saecularium
1624 1920 1827 1982 conturbernio,

186 1974 369 2030 exauctoratis
382 1973 502 2029 omniurn
523 1971 609 2026 ltaliae
626 1975 849 2028 monasteriorum
865 1977 984 2045 peculia·
1033 1983 1064 2028 ut
1082 1976 1212 2044 quidquid
1239 1979 1273 2032 ad
1298 1980 1358 2034 vitas
1382 1990 1409 2035 et
1432 1983 1540 2052 pietatis
1561 1989 1703 2043 commoda
1727 1989 1830 2043 auxilio

186 2046 260 2100 ribus
273 2044 382 2113 legibus
394 2045 421 2098 in
435 2043 549 2110 gratiam
572 2042 764 2107 uenuttntne,
788 2046 845 2099 sola
858 2061 918 2099 cam
933 2063 983 2101 re·
1033 2044 1113 2111 iniat,
1136 2046 1195 2115 ipso
1214 2048 1400 2105 contineretur
1419 2056 1595 2119 monasterio,
1617 2066 1645 2111 et
1666 2058 1740 2112 salva
1762 2059 1827 2112 reli·

184 2116 291 2185 spuerit
308 2114 407 2170 domus
420 2112 594 2177 vivariensis,
611 2112 676 2167 nulli
699 2112 788 2168 adliue
811 2116 911 2184 regular
932 2116 981 2172 ad·
1032 2114 1112 2181 gione
1136 2118 1246 2181 silentii,
1265 2126 1294 2171 et
1314 2121 1371 2174 otio
1397 2124 1642 2193 contemplationis,
1667 2135 1826 2182 carnotorum

180 2186 265 2241 deta.
1032 2186 1238 2240 necessitatibus
1261 2187 1373 2243 fratrum
1393 2188 1468 2246 steret
1490 2194 1566 2249 satis.
1588 2194 1665 2260 Quod
1686 2197 1826 2266 exquisitae

216 2256 321 2310 lerum
338 2268 481 2323 urgeamus
499 2253 600 2319 acrius,
621 2254 644 2310 si
663 2253 763 2323 placet,
785 2254 980 2326 majoremque,
1032 2254 1170 2322 snpientia
1183 2256 1315 2325 digestum
1330 2257 1511 2317 Benedictinae
1532 2264 1613 2319 debet
1634 2264 1742 2333 liegiilm
1761 2282 1822 2337 eap.

179 2325 257 2382 sitas
270 2334 328 2392 est,
344 2326 406 2379 litiic
419 2333 577 2394 argumento
592 2325 680 2380 lucem
701 2324 854 2380 afferamus.
871 2325 981 2382 Cassio·
1032 2324 1077 2387 (ili,
1093 2341 1152 2393 quic
1167 2326 1245 2394 jubet
1258 2330 1449 2384 monasterium
1459 2332 1499 2386 sic
1513 2340 1685 2389 construatur
1698 2345 1725 2388 iit
1737 2340 1825 2391 omniu

179 2396 247 2452 doro
273 2396 444 2451 monasticen
471 2394 626 2465 professura
649 2395 831 2453 necessarium
851 2395 901 2451 luit
923 2405 980 2453 tuin
1031 2397 1187 2462 trecenario,
1202 2397 1231 2450 id
1247 2407 1285 2451 cit
1303 2414 1382 2467 noun,
1397 2402 1582 2468 molendinum,
1610 2406 1709 2472 borma,
1734 2407 1825 2474 pistri-

178 2467 321 2530 abbatem,
344 2474 400 2520 tum
415 2465 563 2521 monachos
582 2465 692 2533 eligere,
712 2466 762 2521 sub
775 2464 873 2536 qttibus
893 2468 980 2539 prima
1031 2466 1235 2531 ramnebertus
1249 2469 1629 2528 uliveriutntramonaitertuu
1644 2488 1823 2538 exerceantur,

177 2537 278 2592 saltem
291 2536 418 2592 tirocinia
431 2543 546 2606 poneret
566 2535 629 2590 vitae
648 2536 809 2592 claustralis.
835 2537 890 2592 Nec
907 2539 980 2595 einim
1031 2543 1059 2601 ut
1077 2550 1129 2588 non
1150 2536 1184 2590 ait
1202 2539 1343 2592 accrescitur
1368 2542 1500 2596 monacbis
1524 2546 1636 2614 uremidi
1659 2548 1741 2616 lorus,
1763 2548 1825 2617 qnia

177 2607 262 2663 bino
272 2606 511 2676 buiusdiscipiinaa
522 2606 662 2675 imperitus
672 2621 688 2661 a
699 2606 979 2676 magisteriostudimn
1031 2605 1135 2659 omnino
1149 2623 1201 2660 nott
1215 2608 1318 2679 expedit
1333 2609 1468 2664 animabus
1478 2630 1577 2668 eorum.
1594 2614 1648 2669 Nee
1663 2625 1826 2684 pratereun-

176 2677 375 2748 assrederetnr
392 2676 550 2732 humilitatis
567 2685 596 2731 ct
615 2676 789 2742 obedientiam
810 2678 979 2748 superiorem
1031 2672 1095 2729 dum
1109 2675 1145 2728 ita
1157 2677 1282 2746 religiose
1296 2678 1484 2736 Cassiodorum
1500 2684 1561 2738 liiiio
1577 2680 1703 2740 iiiandato
1717 2685 1824 2754 legisla-

176 2758 272 2817 ageret
294 2747 417 2803 nonduin
439 2748 566 2809 novitius,
593 2753 622 2801 et
641 2746 701 2801 aliis
715 2746 798 2802 verbo
818 2749 979 2816 praeluceret
1032 2746 1098 2800 loris
1111 2746 1326 2818 obtemperasse,
1348 2758 1377 2805 ut
1394 2750 1478 2806 libros
1490 2753 1535 2823 qui
1550 2754 1584 2809 dc
1598 2757 1730 2810 mellicina
1750 2764 1779 2812 et
1791 2772 1823 2811 ru

177 2818 300 2874 modum
318 2818 404 2889 prima
428 2818 494 2874 artis
519 2818 653 2873 clenieota
672 2817 783 2883 doctum
799 2819 977 2875 neominuse
1029 2813 1189 2883 donrestica,
1207 2826 1235 2873 et
1253 2819 1411 2875 alendarum
1425 2823 1525 2890 avium,
1549 2825 1665 2879 maxime
1687 2826 1824 2882 columba·

176 2890 325 2958 prudentia
344 2886 484 2944 Senmoris
505 2902 586 2957 quani
605 2902 621 2941 a
638 2887 834 2942 monachorum
857 2889 978 2946 moribus
1029 2898 1088 2953 runt
1111 2902 1176 2942 cura
1194 2888 1329 2944 disserunt
1351 2899 1463 2960 propiet·
1484 2893 1614 2960 infirmos,
1637 2895 1735 2963 quibus
1756 2896 1823 2952 solas

176 2958 274 3014 luisset
294 2960 424 3023 alienum,
444 2974 460 3014 e
483 2959 549 3015 solis
569 2957 741 3012 secularibus
764 2973 861 3013 novam
885 2962 976 3015 statim
1029 2964 1092 3009 sunt
1106 2958 1175 3022 usui,
1191 2972 1205 3011 a
1220 2960 1277 3016 suis
1289 2961 1405 3015 uoluerit
1420 2977 1479 3017 esse
1491 2961 1626 3029 legendos.

176 3029 281 3084 institui
297 3029 547 3097 congregationem,
562 3043 617 3083 nou
631 3028 771 3097 permixtis
790 3028 885 3084 saltem
905 3030 974 3086 duo·
1065 3025 1164 3082 Verum
1179 3028 1223 3083 liic
1242 3026 1333 3085 forsan
1353 3046 1475 3101 oppones
1492 3049 1545 3087 non
1570 3034 1631 3088 aliis
1646 3033 1696 3088 sub
1718 3034 1822 3102 legibus

175 3099 225 3154 lius
239 3108 290 3154 aut
307 3099 394 3154 tribus
407 3099 558 3154 senioribus
568 3098 673 3170 mystis,
684 3113 798 3167 quorum
812 3099 976 3170 circinploet
990 3072 1013 3134 C
1028 3108 1109 3163 quatu
1126 3097 1158 3152 iis
1171 3113 1284 3167 quarum
1306 3100 1387 3155 modo
1408 3103 1508 3157 mentio
1522 3102 1593 3157 sacta
1609 3113 1661 3170 est,
1685 3112 1714 3157 ut
1738 3104 1822 3174 pinri-

176 3184 226 3224 iisu
241 3185 342 3225 recens
353 3170 397 3225 ille
413 3169 606 3224 vivariensium
617 3177 704 3224 coetos
715 3170 876 3223 emdiretur.
889 3170 975 3237 Quem
1029 3180 1102 3221 muln
1117 3177 1231 3223 caeteros
1249 3170 1348 3225 vixisse
1371 3172 1530 3239 monachos,
1556 3182 1584 3226 iit
1607 3174 1720 3243 proinde
1744 3186 1819 3230 certa

175 3239 257 3308 §giem
271 3238 410 3305 abbatem,
426 3254 493 3310 quoe
505 3239 653 3295 monaches
670 3249 831 3306 accerseret,
847 3240 898 3295 nisi
923 3240 974 3295 tte.
1030 3238 1133 3291 nonsit
1151 3254 1185 3291 eit
1199 3238 1288 3294 allatis
1302 3243 1371 3295 ratio
1386 3243 1564 3297 concludendi
1580 3260 1630 3312 pro
1643 3243 1818 3300 lteiielietnio

175 3309 334 3366 nedictiiios
356 3311 446 3365 statim
473 3311 579 3378 obvios,
604 3308 745 3380 probatos,
770 3318 796 3364 et
820 3310 855 3364 ab
875 3314 976 3368 exteris
1027 3300 1363 3364 Cassiodorimonacliatu.
1377 3310 1821 3382 liainusidquidemiiibcnlisaine

174 3381 259 3435 etiam
273 3380 454 3450 undequaque
463 3382 606 3451 quaesitost
618 3379 677 3434 Stat
688 3379 779 3448 igitur,
792 3379 899 3435 Baronii
910 3397 975 3449 pace
1028 3371 1218 3455 cassiodorum
1235 3381 1362 3434 nonnulla
1377 3396 1410 3434 ei
1424 3382 1539 3448 praelatis
1560 3385 1668 3438 statutis
1682 3384 1713 3437 li.
1730 3384 1819 3439 liene·

174 3450 304 3515 elegerim,
314 3450 512 3514 cassiodorum,
528 3451 597 3505 siene
611 3457 722 3505 eeteros
728 3449 812 3504 italie
822 3452 975 3507 effluenter.
1027 3444 1100 3501 dicto
1114 3461 1175 3502 cum
1199 3449 1324 3505 oniiiibos
1347 3450 1488 3506 inonacliis
1507 3453 1659 3507 communia
1678 3468 1817 3520 servasse;

175 3521 254 3585 enas,
271 3520 419 3577 [tenentem
433 3536 530 3577 nemen
545 3520 664 3581 dedisse;
681 3535 732 3575 nee
746 3520 825 3574 altam
840 3520 977 3577 vivericii-
1028 3531 1115 3586 neque
1134 3532 1199 3572 vero
1224 3520 1286 3574 intio
1307 3520 1475 3575 solummodo
1489 3522 1639 3591 colligimus
1653 3539 1713 3577 enni
1735 3522 1819 3579 Rene·

176 3605 222 3645 ee.
249 3592 400 3648 meme-hee
429 3592 550 3661 regulam
577 3591 717 3662 amplexos
748 3605 829 3660 quem
861 3590 974 3648 lienem.
1027 3584 1134 3641 dictinis
1148 3590 1245 3643 ascribi
1255 3599 1506 3660 oportereaverum
1521 3608 1581 3647 enni
1594 3602 1620 3645 et
1631 3594 1820 3648 communibus

176 3661 292 3716 mnam,
1026 3658 1182 3736 etpropriis
1197 3662 1284 3742 sancti
1299 3662 1458 3743 legislatoris
1472 3661 1576 3731 placitis
1589 3661 1747 3718 senatorem
1767 3680 1817 3732 pn-

429 3771 670 3828 minianen
689 3771 721 3829 11·
1026 3730 1704 3870 tllbtlffltllllln:illiniti..itll'lill
1719 3733 1817 3857 llll.

213 3865 371 3922 Desumittir
393 3865 460 3920 illud
482 3880 516 3920 ex
539 3864 647 3943 eademv
661 3863 771 3931 liegiilar
793 3863 973 3921 benedictina
1026 3879 1177 3924 censemus.
1199 3870 1274 3926 Adde
1294 3872 1367 3940 quod
1389 3888 1420 3927 ea
1444 3886 1504 3941 quar
1525 3874 1677 3927 ennimnnia
1701 3872 1818 3928 ιιιιιιιιυιΙ

177 3938 265 4009 praxi,
276 3951 326 3992 sen
336 3936 395 4006 pari
407 3935 513 3991 vivendi
530 3933 615 3988 iorina
627 3933 827 3990 bivariensibus
837 3951 869 3990 ac
884 3952 975 3991 uinua-
1025 3936 1120 3991 eodem
1135 3954 1215 3995 sensu
1234 3942 1382 4012 iisdemque
1396 3958 1466 4012 pene
1488 3957 1520 3997 ac
1544 3942 1708 4003 Benedictus
1727 3945 1816 3998 verbis

177 4007 237 4063 diis
250 4006 433 4063 Benedictinis
447 4005 582 4068 familiari,
598 4021 631 4059 ex
646 4019 700 4073 qua
712 4021 766 4059 non
788 4006 903 4060 olisctire
916 4008 973 4061 col·
1025 4006 1075 4061 sibi
1100 4009 1225 4066 tribuerit
1251 4012 1447 4080 Cassiodorus,
1473 4020 1502 4067 ut
1521 4014 1636 4083 amplius
1655 4015 1758 4084 patebit
1781 4028 1816 4069 ex

177 4077 263 4148 ligere
275 4078 340 4132 licet
353 4090 402 4132 eos
413 4075 527 4133 dirersis
543 4075 646 4144 legibus
662 4091 715 4129 iion
729 4075 837 4130 vixisse.
852 4075 928 4142 Quod
944 4088 974 4131 ut
1025 4089 1183 4146 argumento
1195 4085 1327 4152 sentienti.

176 4148 388 4212 demonstretur,
404 4147 468 4202 illud
483 4146 615 4215 imprimis
631 4145 758 4210 occurrit,
778 4146 850 4214 quod
865 4146 973 4215 llegulaa
1414 4212 1415 4215 Ἴ

177 4219 267 4289 primo
280 4230 341 4287 cap.
356 4216 385 4273 S.
409 4216 570 4272 Benedictus
586 4217 640 4271 dno
661 4222 765 4271 tantuin
783 4216 900 4285 probans
913 4232 974 4273 ino·
1215 4240 1220 4253 ι
1267 4193 1507 4251 ᾹΜΠΜΕἭΜ
1526 4192 1569 4250 ¹¹¹·

177 4288 328 4344 meliorum
343 4301 454 4356 genera,
469 4286 665 4343 coenobitarum
684 4294 712 4340 et
725 4287 970 4354 anachoretarum,
1038 4346 1041 4357 ,
1059 4283 1118 4340 Non
1135 4285 1221 4340 solum
1236 4300 1269 4340 eir
1285 4287 1317 4341 iis
1330 4302 1389 4356 quae
1408 4286 1585 4341 Cassiodorus
1597 4285 1652 4353 J'aur
1667 4286 1816 4343 monacliiis

175 4359 294 4439 prinlum
303 4358 470 4414 instituendo
476 4357 615 4428 precipit,
632 4356 746 4411 alterum
759 4357 923 4420 exercitatis,
944 4366 973 4413 et
1023 4355 1079 4424 egit
1093 4355 1170 4410 nobis
1180 4370 1301 4411 asserere
1314 4357 1376 4412 licet
1391 4358 1477 4426 ipsum
1491 4355 1636 4411 benedicto
1647 4357 1688 4410 rol
1705 4356 1814 4421 viventi,

172 4428 366 4498 memoritur
381 4429 483 4483 militiae
497 4429 631 4483 veteranis
649 4427 776 4481 consulit.
798 4427 832 4480 ill
852 4425 969 4495 Magistri
984 4465 1010 4525 D
1024 4424 1066 4478 vel
1077 4426 1199 4495 proxime
1213 4425 1341 4482 defuncto
1364 4442 1463 4481 iioiiicn
1477 4424 1599 4491 dedisse;
1618 4426 1665 4479 sed
1680 4442 1739 4497 qaino
1754 4428 1814 4482 ulii-

175 4498 299 4567 uestigiis
316 4498 427 4554 sedulus
448 4498 581 4554 inbarrens
603 4496 789 4563 Cassiodorus,
807 4499 969 4553 secretiores
1022 4508 1076 4562 otte
1090 4510 1202 4565 operum
1217 4512 1326 4552 suorum
1338 4497 1371 4552 ad
1387 4496 1557 4552 vivarienses
1571 4497 1670 4565 passim
1695 4497 1814 4567 scripsit,

175 4567 261 4625 settis
280 4568 309 4623 in
329 4567 434 4623 ambitu
458 4569 556 4623 montis
569 4565 690 4632 Castelli,
713 4567 759 4634 qui
783 4582 861 4623 muro
875 4583 970 4622 mona·
1022 4564 1049 4619 id
1060 4574 1134 4620 certo
1144 4565 1344 4633 demonstrarit;
1357 4567 1462 4622 videtur
1472 4567 1544 4623 enim
1555 4568 1690 4622 succincta
1701 4568 1815 4636 sparsim

174 4637 576 4708 ateriicingebatur,distiiiait;
590 4637 727 4707 atquibus
741 4637 871 4708 impulsus
885 4637 970 4693 belet
1022 4634 1048 4688 iti
1076 4634 1279 4692 Benedictinam
1307 4636 1437 4706 ilcgnlain
1458 4638 1653 4693 commentaria
1677 4652 1813 4701 exarasse,

176 4724 328 4766 comenses
350 4709 456 4763 abbatis
482 4710 594 4776 laverat,
621 4708 716 4763 liceret
738 4707 807 4763 bene
830 4708 969 4765 instructis
1022 4704 1119 4773 quibus
1134 4707 1216 4762 tacito
1231 4707 1392 4777 legislatoris
1407 4710 1514 4763 nonilne
1534 4707 1592 4775 ejus
1608 4706 1732 4775 innuendi
1756 4715 1814 4760 tro·

174 4776 295 4834 iraterna
310 4794 345 4835 ex
364 4780 424 4835 acic
440 4777 473 4834 ad
493 4779 656 4848 singularem
679 4792 796 4848 pugnarn
818 4778 901 4833 eremi
921 4779 969 4833 de·
1021 4789 1072 4899 pos
1084 4786 1207 4847 usurpat.
1230 4776 1318 4834 Pauca
1340 4779 1517 4834 delibabimus
1540 4794 1574 4833 ex
1595 4779 1695 4841 multis,
1717 4777 1816 4845 quibus

174 4851 318 4907 suadere.
343 4846 490 4905 Premissis
510 4851 581 4904 enini
601 4848 627 4903 in
651 4863 730 4919 capp.
753 4847 969 4904 recreationi
1032 4847 1195 4902 ectoricitra
1211 4848 1318 4904 tedium
1331 4848 1463 4904 siatsatis.

176 4918 265 4975 bivia.
282 4918 344 4975 tiu
361 4919 462 4989 iisqine
475 4919 650 4975 fortissimum
672 4919 866 4975 coenomtarum
880 4918 970 4987 dispo-
1058 4914 1175 4972 Primum
1188 4920 1305 4975 occurrit
1319 4918 1412 4980 oliicii,
1437 4935 1484 4974 sen
1510 4918 1600 4985 operis
1618 4915 1701 4970 diuini
1721 4915 1815 4984 dispo·

174 4992 405 5057 subtermissa
420 5006 470 5061 pro
484 4991 603 5047 eremitis
620 4988 723 5044 edicit:
744 4988 853 5043 linietis
874 4991 968 5044 orontii
1021 4985 1094 5051 sitio,
1110 4989 1155 5043 diu
1169 4996 1307 5059 noctuque
1321 4990 1476 5060 peragendi,
1488 5004 1568 5058 qnam
1583 4985 1745 5040 adamussim
1762 4986 1816 5039 lie·

174 5059 285 5117 cuuttt
307 5069 406 5115 urrato
426 5062 529 5127 muria,
554 5060 599 5114 ubi
619 5060 685 5113 reiut
708 5060 877 5123 armalioritu,
899 5075 970 5129 prta-
1021 5055 1256 5123 nedictinam,seu
1271 5061 1305 5115 ad
1324 5060 1460 5116 sexdecim
1481 5061 1585 5126 integra
1606 5054 1714 5123 lingulae
1725 5054 1815 5125 capita

174 5130 396 5195 mteDomiuo,
416 5131 591 5202 {elicilcrcrae
609 5130 724 5199 postitio,
740 5138 792 5185 etc.
806 5126 968 5213 Quapropter
1021 5126 1179 5184 Senatorum
1194 5129 1382 5192 concinnasse,
1398 5130 1514 5200 probant
1528 5143 1559 5182 ea
1574 5140 1634 5195 quie
1659 5125 1768 5206 scripsit
1787 5126 1815 5181 in

174 5210 266 5271 uptam
278 5201 409 5256 eritrobia
422 5202 516 5272 elipcre
529 5200 679 5256 exercitatis
692 5201 798 5270 jamma
817 5202 970 5270 probaturi·
1020 5197 1180 5322 prelatione
1193 5198 1386 5256 Commentarii
1402 5199 1444 5254 sni
1459 5199 1485 5253 in
1501 5196 1630 5259 Psalmos,
1652 5202 1680 5249 cl
1701 5195 1761 5251 alus
1785 5195 1811 5250 in

174 5272 237 5333 ιιι,
248 5272 313 5327 illud
327 5272 512 5340 babitaculum,
523 5272 546 5326 ai
560 5273 631 5342 priua
646 5273 674 5323 iu
684 5269 854 5325 cordavestra
866 5287 970 5341 proepc-
1031 5269 1098 5331 ocis,
1114 5277 1143 5324 ut
1157 5271 1238 5324 etiarn
1253 5269 1419 5325 ostendimus
1431 5269 1458 5323 in
1473 5268 1531 5339 rjus
1541 5266 1601 5321 vitae
1613 5273 1690 5335 parte
1705 5279 1733 5331 ii,
1745 5264 1814 5335 517.

172 5351 251 5398 ratur
269 5343 352 5423 [urit
372 5357 513 5396 uerenini:
537 5341 610 5412 quod
630 5355 711 5397 sensu
732 5341 868 5411 verboque
892 5350 969 5399 teum
1057 5336 1084 5393 ι.
1106 5338 1185 5395 llore
1198 5347 1335 5396 canonice
1354 5340 1480 5395 dicuntur
1499 5353 1568 5409 opus
1591 5335 1721 5416 divinum,
1747 5343 1813 5415 rita

174 5409 381 5468 Benedictiaum
394 5420 435 5467 est
448 5410 567 5467 silatum.
1021 5407 1168 5466 lienedicto
1183 5409 1249 5479 iieg.
1266 5426 1326 5481 cap.
1338 5409 1382 5477 lb,
1399 5409 1439 5465 sic
1453 5426 1469 5464 a
1482 5406 1645 5466 Cassiodoro
1659 5404 1707 5460 lib.
1724 5404 1813 5460 liivin.

210 5480 239 5537 2
259 5480 354 5550 Quoad
377 5480 459 5537 lioras
472 5482 577 5553 prandii
599 5490 626 5537 el
645 5496 739 5547 coeiiae,
764 5480 852 5551 qiinad
866 5482 969 5551 regula·
1020 5476 1291 5550 anteponere.

174 5552 332 5616 riaciani
343 5552 480 5607 severmra
495 5552 529 5605 ali
541 5550 660 5609 Ecclesia
671 5553 771 5611 indicta
782 5552 970 5621 ieiuniaooo·
1055 5549 1081 5603 5.
1102 5544 1202 5607 Eadem
1223 5551 1293 5621 apud
1315 5559 1459 5619 utrumque
1483 5546 1686 5604 nomenclatura
1705 5558 1737 5599 ea
1751 5559 1815 5616 pars

175 5623 259 5679 wtitit
273 5622 375 5692 pariter
387 5636 448 5677 cuni
461 5621 613 5689 leglsbitore
623 5633 715 5681 nostro
724 5623 850 5689 Senator,
865 5631 895 5677 iit
907 5638 968 5692 pcr-
1020 5619 1102 5677 oilicii
1114 5636 1194 5693 quani
1208 5637 1258 5676 iios
1272 5623 1419 5678 matutinos
1433 5619 1556 5685 dicimus,
1569 5617 1663 5689 uigiliae
1681 5624 1815 5671 nocturno

175 5693 301 5766 ιριιιιιιιιι
319 5701 362 5749 αι
382 5704 417 5748 ei
442 5692 587 5750 collatione
609 5710 667 5768 cap.
683 5694 717 5753 ab
739 5702 769 5753 et
787 5691 832 5749 tl.
858 5692 968 5766 lingulae
1019 5693 1175 5751 nniuinatur
1198 5690 1273 5767 lllep.
1288 5708 1348 5767 cap.
1363 5692 1412 5761 iim
1436 5690 1555 5749 Cassiod.
1571 5690 1599 5745 iii
1613 5688 1680 5761 psal.
1700 5685 1815 5758 mliii
