4059 6184
260 314 310 374 let
854 302 968 364 l'lcttll
981 307 1033 362 Pl‘.
1052 294 1294 361 constitutori
1843 280 1891 351 tle

259 438 428 502 negaturum.
443 426 585 496 llunqnam
605 423 676 480 enlm
694 429 837 480 accusator
850 422 945 480 lisdem
957 436 1051 479 rursus
1065 429 1087 479 Α
1102 415 1220 472 llrmavit
1233 415 1406 486 episcopum?
1419 405 1482 470 llaee
1494 421 1600 482 qnoque
1613 408 1639 482 ip
1648 426 1670 465 ‘e
1681 406 1890 478 Photinsjulrx.

258 524 287 579 ln
312 521 468 593 cognitione
492 518 647 577 sedentibus
667 515 742 573 lbem
763 517 922 588 episcopum
947 516 1051 574 dicaret
1099 509 1170 580 apud
1184 522 1264 577 quem
1278 505 1382 577 pridem
1398 514 1502 574 gestum
1519 504 1604 561 luerat
1617 505 1751 559 conlltcns
1762 502 1825 571 qula
1840 520 1892 557 non

258 621 429 684 negaturum,
441 611 465 668 si
479 609 550 683 apud
564 624 613 665 eos
627 608 655 664 in
671 609 763 680 priore
772 606 874 678 judicio
894 608 975 664 sciret
992 608 1050 678 p'am
1099 599 1240 655 convictus
1261 606 1334 654 essct
1353 596 1413 653 lhes
1436 597 1589 667 episcopos,
1609 611 1671 651 enm
1694 593 1790 666 procul
1812 595 1891 650 dubio

257 705 341 761 luisse
349 700 514 761 consessum.
526 699 651 757 Posthaec
662 714 724 755 com
743 698 916 754 interlocutio
928 698 1049 769 judicum
1098 703 1159 758 (1¹¹oe
1173 688 1279 757 objecta
1302 696 1366 743 sunt
1388 702 1501 756 negasse
1523 684 1756 753 temtationem
1770 685 1889 754 matio·

257 794 286 852 iu
298 793 469 853 Chalcedona
488 791 664 848 residentium
687 798 821 860 quereret
834 791 868 846 ab
881 790 1050 847 accusatori·
1099 798 1162 839 nem
1185 782 1301 837 maxime
1314 781 1348 835 ad
1363 780 1503 851 epistolam
1526 795 1587 850 quse
1606 779 1639 833 ad
1664 777 1758 834 llarim
1783 776 1892 836 Persam

256 891 310 947 bus
321 888 375 944 ibe
388 886 507 959 episcopi
519 882 735 954 utrumscriptas
747 881 1050 954 probationesprebere
1099 873 1199 943 scripta
1225 871 1322 942 legitur
1344 871 1480 943 pertinere
1499 869 1669 940 sequentinm
1692 868 1812 924 declarat
1825 869 1893 927 ordo

256 980 292 1037 de
309 994 341 1036 re
351 978 440 1051 aliqua
458 977 619 1048 potuissent,
632 973 799 1045 Theophilus
811 973 942 1030 diaeonus
957 973 1025 1029 dixit
1040 990 1048 1027 :
1099 973 1246 1035 gestomm.
1262 963 1402 1020 Nemeum
1426 962 1460 1018 ad
1478 962 1669 1018 documentum
1683 976 1777 1017 eorum
1792 976 1852 1032 qnae
1865 961 1891 1016 io

257 1068 350 1128 liabeo
360 1077 526 1126 mnsmenta
540 1082 597 1140 qaae
605 1065 742 1138 reperiret
755 1073 827 1138 gesto
836 1072 897 1119 anst
905 1063 932 1119 in
943 1063 1049 1137 Herpto,
1096 1055 1200 1126 iudicio
1225 1053 1315 1110 Photii
1330 1063 1358 1110 et
1380 1053 1514 1108 Eustathii
1532 1067 1565 1107 ex
1589 1052 1691 1122 scrtpto
1710 1049 1850 1117 dederant,
1865 1050 1891 1106 id

256 1171 282 1219 et
291 1179 350 1237 quoe
361 1164 390 1218 lo
403 1160 519 1232 Eplreeo,
530 1166 559 1215 et
572 1166 680 1215 enters.
1099 1154 1152 1216 est,
1163 1145 1226 1217 quia
1240 1145 1414 1201 Nestorianus
1428 1151 1512 1212 esset,
1525 1151 1554 1198 et
1574 1144 1683 1199 beatum
1697 1140 1826 1215 Cprillum
1844 1156 1892 1213 ap·

290 1250 338 1308 lh.
354 1248 626 1307 Animadvertendum
648 1257 691 1305 est
709 1247 791 1319 igitur
804 1247 876 1318 quod
891 1247 958 1304 nihil
976 1246 1049 1304 aliud
1099 1239 1228 1313 pellnsset
1245 1237 1416 1305 hereticum,
1426 1234 1609 1306 blasphemias
1633 1233 1693 1289 illas
1718 1233 1892 1304 protulissent

255 1353 351 1404 sonna
361 1343 435 1401 lbem
447 1343 604 1414 episcopum
618 1339 763 1397 adversarii
774 1338 912 1409 ejusquod
927 1339 954 1394 in
968 1337 1050 1396 chal·
1099 1346 1167 1402 ques
1179 1344 1209 1385 se
1219 1328 1350 1401 putabant
1363 1326 1476 1382 testibus
1485 1325 1656 1397 probaturos,
1670 1323 1698 1379 id
1709 1331 1761 1391 est,
1773 1320 1836 1377 Non
1850 1322 1891 1376 iu·

255 1436 400 1495 sedunensi
411 1435 566 1508 prolerrent
575 1432 679 1507 synodo
692 1446 723 1489 sc
736 1432 837 1488 habere
851 1431 987 1499 dixerunt,
998 1432 1049 1489 nisi
1099 1422 1172 1479 video
1191 1420 1294 1476 Gdrt'tlo
1313 1419 1369 1475 Deo
1388 1421 1457 1491 lecto
1476 1418 1546 1489 (dcl-
1562 1415 1623 1488 ¹0),
1639 1425 1668 1471 et
1680 1414 1833 1488 reprobetis
1850 1420 1891 1470 te·

254 1542 287 1585 ee
301 1539 362 1598 quae
375 1524 447 1597 apud
461 1523 586 1580 Photium
609 1519 831 1578 crumentum
858 1521 1002 1594 episcopos
1021 1532 1050 1580 et
1099 1515 1186 1571 stibus
1199 1512 1266 1568 nihil
1279 1527 1314 1567 cx
1327 1510 1370 1567 his
1382 1508 1526 1566 ostendere
1542 1507 1710 1579 potuissent,
1725 1505 1758 1561 ad
1772 1506 1817 1561 illa
1831 1518 1891 1577 qne

253 1626 351 1690 postea
364 1616 391 1672 ln
405 1614 540 1687 Ephesina
549 1612 667 1669 secunde
678 1610 713 1669 de
726 1626 760 1668 eo
770 1619 834 1669 sunt
845 1611 938 1668 habita
950 1628 1051 1669 monu-
1088 1605 1204 1677 ,pridem
1213 1619 1249 1661 ex
1258 1602 1361 1675 scripto
1370 1600 1501 1659 dederant
1518 1600 1674 1667 redeuntes,
1685 1598 1738 1655 hoc
1748 1595 1820 1667 qnod
1833 1592 1890 1661 cpl-

256 1716 361 1765 menta.
376 1705 417 1762 Ex
427 1722 483 1778 qno
496 1712 609 1778 apparet
631 1719 685 1761 neu
701 1702 753 1760 sibi
768 1716 816 1759 eos
827 1702 963 1774 judicasse
974 1702 1051 1760 sum.
1099 1696 1170 1753 stole
1191 1694 1227 1751 ad
1238 1693 1334 1749 llarim
1349 1691 1459 1750 Persam
1473 1691 1575 1762 scripta
1587 1690 1707 1745 continet
1720 1686 1888 1757 objecerunt,

252 1816 327 1869 cere,
341 1800 395 1857 imo
409 1809 505 1856 contra
526 1814 557 1856 se
579 1797 696 1854 lutmum
706 1795 797 1869 potins
804 1798 998 1866 aestimassent
1011 1814 1044 1856 ea
1060 1788 1082 1862 R
1099 1788 1128 1846 id
1150 1795 1203 1858 est,
1217 1788 1282 1859 quie
1303 1786 1391 1842 beatae
1412 1783 1550 1842 memorie
1560 1781 1688 1854 cyrillum
1706 1788 1735 1837 ct
1746 1777 1889 1835 duodecim

252 1889 440 1947 tautummodo
450 1903 511 1960 que
520 1888 589 1962 epod
601 1896 767 1944 utemoretos
776 1883 902 1945 Pontium
912 1888 1047 1946 essessa.
1098 1881 1158 1954 ejus
1167 1881 1285 1953 capitula
1299 1878 1463 1951 appellasset
1477 1876 1612 1933 haeretica.
1625 1873 1674 1931 Cui
1688 1873 1762 1930 Patri
1776 1872 1889 1930 Photius

252 1981 336 2038 thittnt
351 1983 494 2054 episcopos
507 1979 636 2037 adversus
648 1978 722 2035 lbatu
733 1979 888 2051 episcopum
898 1988 974 2050 gesta
983 1989 1047 2037 sunt
1097 1972 1482 2047 etqneEustethiusjudices,
1496 1972 1565 2028 sicin
1575 1969 1700 2041 superius
1712 1966 1764 2040 ipsi
1774 1962 1889 2037 prolessi

250 2074 413 2144 legerentur,
430 2073 566 2144 inquibus
580 2087 668 2142 neqtm
680 2072 794 2129 testibus
807 2088 958 2146 nequesue
971 2090 1048 2132 mon·
1096 2078 1169 2136 sunt,
1180 2067 1332 2138 diligentius
1345 2065 1541 2130 incumbentes,
1556 2061 1638 2119 modo
1664 2060 1699 2116 ab
1722 2057 1820 2115 eodem
1842 2053 1888 2110 lba

249 2163 387 2220 atrabatur
400 2161 570 2219 conlessione
581 2160 732 2228 convictus,
747 2161 800 2218 nisi
822 2171 851 2218 et
869 2176 902 2219 ea
923 2162 1047 2236 prolerre
1097 2161 1224 2233 episcopo
1235 2168 1452 2233 perscrutantes,
1466 2155 1549 2214 modo
1569 2153 1744 2229 probationes
1758 2152 1793 2206 ab
1807 2162 1888 2205 accu-

249 2268 310 2327 quae
325 2254 428 2310 nelarie
447 2254 475 2309 in
498 2252 618 2327 meando
640 2251 775 2324 Ephesiae
790 2253 968 2326 synodoecta
982 2263 1047 2312 sunt
1096 2257 1232 2313 setoribus
1259 2255 1409 2324 exigentes,
1434 2259 1524 2307 utrum
1544 2247 1646 2319 aliquid
1671 2252 1734 2317 post
1756 2242 1888 2299 unitatem

249 2343 447 2415 poposcissent,
462 2341 490 2398 iu
518 2342 616 2412 quibos
642 2341 697 2398 illis
717 2340 881 2400 falsitatibus
903 2353 1047 2402 uteremur
1095 2345 1280 2404 Ecclesiamm
1303 2343 1401 2401 lectam
1425 2342 1452 2399 in
1476 2338 1673 2398 obtrectatione
1685 2334 1759 2391 beati
1768 2330 1889 2404 Cyrillia

248 2435 296 2508 qui
308 2434 382 2491 mm
395 2435 552 2505 episcopum
563 2433 705 2505 epistolam
728 2450 789 2507 qum
811 2434 846 2491 ed
872 2435 967 2493 llarim
980 2435 1047 2494 Per·
1096 2436 1241 2509 sepedicto
1267 2433 1314 2492 lba
1341 2434 1470 2505 episeopo
1491 2429 1594 2486 dictum
1614 2427 1659 2493 sit,
1673 2425 1850 2481 vehementer
1861 2427 1889 2475 et

249 2539 307 2583 seru
321 2526 422 2596 scripte
444 2531 487 2582 est
506 2524 673 2581 mendaciter
684 2539 761 2581 snam
774 2525 1047 2586 essedixernntcon·
1095 2527 1268 2598 sagacissime
1286 2525 1477 2596 quosivernot.
1506 2519 1655 2575 Adversum
1678 2529 1738 2586 quse
1761 2513 1820 2568 lhas
1842 2526 1888 2566 re·

249 2613 360 2671 lassum
371 2613 482 2671 Certum
493 2621 537 2671 est
546 2614 627 2685 igitur
639 2613 741 2670 nullum
755 2614 885 2675 adversus
897 2617 971 2673 lbam
982 2634 1046 2691 pro·
1095 2623 1231 2695 spondens
1245 2621 1390 2692 episcopus
1403 2618 1529 2675 omnibns
1542 2612 1746 2685 exceptionibus
1758 2610 1815 2665 suis
1826 2622 1887 2664 eant

249 2707 376 2778 badoms
388 2716 418 2763 ut
431 2707 573 2779 putabant,
585 2707 712 2766 habuisse
733 2708 793 2780 ejus
811 2710 984 2769 adversarios
993 2712 1046 2770 do·
1095 2730 1157 2788 qnae
1170 2714 1204 2771 ad
1218 2713 1311 2769 llarim
1336 2711 1445 2769 Persam
1468 2710 1569 2781 scripta
1595 2706 1693 2776 legitur
1721 2700 1889 2774 impugnavit

248 2805 421 2866 cernentum,
437 2797 488 2854 nisi
501 2797 554 2854 boc
567 2798 739 2856 solummodo
752 2799 827 2869 quod
839 2799 866 2856 in
876 2800 923 2857 illa
936 2816 991 2858 non
1003 2803 1046 2860 di·
1098 2805 1254 2877 epistolam,
1269 2801 1417 2859 asserendo
1439 2800 1501 2871 quia
1527 2807 1591 2870 post
1612 2797 1743 2853 unitatem
1754 2802 1783 2850 et
1794 2784 1888 2863 pacem

247 2885 334 2944 cende
354 2885 460 2971 synodo
479 2885 622 2943 adversum
645 2902 676 2943 se
699 2885 762 2945 lbes
783 2888 990 2962 episcopusper
1002 2893 1045 2949 sui
1095 2896 1168 2952 inter
1178 2896 1287 2951 beatum
1297 2890 1426 2964 cyrillum
1440 2898 1469 2946 et
1482 2887 1632 2945 orientales
1646 2887 1743 2942 lectam
1763 2884 1792 2940 in
1813 2880 1887 2937 nullo

247 2978 397 3035 absentiam
420 2976 518 3034 astruit
540 2975 627 3037 luisse
649 2976 806 3046 condictum,
819 2978 893 3049 quod
907 2979 935 3036 in
949 2990 1045 3039 sancte
1094 2986 1176 3043 heato
1185 2982 1286 3058 Cyrillo
1299 2983 1466 3054 derogasset.

247 3065 462 3125 Cheloedooensi
484 3067 590 3140 synodo
612 3068 762 3125 residentes
784 3068 890 3140 jndices
909 3073 949 3128 rei
972 3075 1046 3131 veri-
1130 3066 1164 3133 x.
1177 3076 1263 3133 Porro
1273 3085 1362 3132 autern
1376 3074 1519 3146 sepedicta
1540 3072 1576 3128 ad
1596 3069 1811 3127 llaritnPersam
1821 3067 1890 3125 seri·

247 3168 305 3217 ¹²¹⁰
322 3159 438 3232 Ρθῢΰθῑὶ
461 3166 535 3224 sunl,
550 3159 882 3228 ἰῠῑθΐῑθῦῑῑῑῖθῦῑὸἱῦδῑὶῑῑθ
901 3163 1079 3244 submoto-c
1093 3180 1141 3243 pta
1162 3167 1278 3240 epistula
1296 3167 1354 3239 jam
1374 3172 1437 3236 post
1451 3165 1581 3220 unitatem
1600 3175 1750 3233 pacemque
1760 3158 1894 3215 Ecclesiis‘

247 3251 533 3321 retinemento
553 3249 722 3306 Thalassium
735 3248 1043 3326 euuessuebiumept
1091 3261 1244 3318 misturam
1258 3269 1286 3316 e
1300 3260 1408 3315 matun
1421 3255 1550 3329 tynum
1564 3254 1691 3311 tinctores
1704 3253 1731 3307 tn
1745 3249 1893 3322 spolitina-¹

246 3355 356 3413 ΜΡΝ,
367 3342 416 3412 qui
432 3348 510 3398 ΝΜ
521 3340 548 3396 Ῑῐῑ
561 3341 680 3399 ⁸0⁰¹¹¹¹l1³
694 3339 829 3412 ΕΡῦθδῑΰθ
844 3357 905 3400 ⁰⁰⁰¹
919 3344 980 3401 ²¹11ss
992 3343 1042 3400 ad·
1091 3355 1130 3411 ris
1143 3355 1285 3419 heresem,
1298 3352 1378 3420 eique
1404 3349 1503 3405 similia
1525 3345 1720 3417 conscripsisse
1731 3339 1885 3408 confirmat,

247 3430 366 3501 inerunt,
381 3439 472 3488 utrum
483 3447 578 3489 eorum
592 3433 756 3490 audientiam
770 3448 890 3506 praesens
900 3433 962 3493 lbet
975 3434 1042 3494 litis·
1091 3451 1120 3501 et
1144 3441 1289 3499 duodecim
1316 3441 1375 3511 elus
1397 3437 1516 3509 capitula
1543 3435 1640 3493 asserit
1650 3442 1731 3491 rectae
1750 3431 1812 3488 ltdei
1825 3440 1895 3488 esse

246 3533 290 3583 “l
305 3528 442 3597 θῐΡθῐῖῦῦ·
457 3523 510 3594 0¹¹1
531 3525 657 3582 diffini
675 3527 745 3598 (⁸⁶⁸-
761 3525 806 3597 ¹⁰)
828 3524 917 3583 ³N⁰lt
936 3527 1039 3584 aeeon
1090 3533 1235 3600 contraria,
1248 3530 1402 3589 Nestorium
1425 3537 1516 3584 autem
1537 3525 1669 3598 judicium
1680 3524 1752 3598 [sine
1771 3520 1884 3595 judicio]

246 3615 304 3685 Qtte
315 3616 492 3687 responsione
510 3615 630 3686 cognite,
644 3612 797 3673 orientales
816 3624 844 3674 et
862 3615 969 3674 Pontici
980 3617 1040 3688 epi·
1091 3632 1120 3680 et
1129 3621 1303 3695 inquisitione
1326 3636 1379 3676 non
1401 3618 1471 3676 lacte
1494 3618 1662 3676 demnatum.
1677 3615 1755 3685 Quod
1768 3616 1887 3686 scriptor

246 3706 321 3779 scopi
334 3707 361 3762 in
373 3705 585 3763 chalcedonensi
599 3706 716 3763 concilio
726 3707 911 3764 clamaverunt
923 3726 931 3763 a
943 3706 1041 3764 dion·
1091 3712 1213 3785 epistolas
1235 3726 1288 3767 non
1310 3726 1360 3782 per
1381 3726 1460 3766 suum
1472 3717 1520 3765 ant
1533 3708 1648 3779 alicujus
1662 3708 1773 3763 alterins
1787 3705 1888 3763 intelli·

246 3808 297 3856 Μ·
311 3798 397 3856 ΜῙΜ
410 3797 518 3853 Mili·
531 3796 652 3866 (limium
680 3798 854 3857 interlocutio
874 3800 913 3856 5⁸²
934 3800 1040 3871 lll⁰l³¹³
1057 3838 1060 3851 ι
1090 3808 1187 3878 gerne
1198 3806 1324 3863 evenisse
1333 3805 1399 3861 dicit
1407 3818 1529 3861 errorem
1541 3812 1572 3859 nt
1581 3805 1676 3860 beatus
1690 3801 1806 3876 Cyrinus
1817 3817 1886 3859 con-

245 3902 278 3948 ee
292 3905 352 3961 quae
364 3889 495 3946 edversus
502 3887 576 3945 ibam
586 3888 744 3961 episcopum
757 3889 784 3946 in
798 3888 1040 3963 seeuodahlphesi·
1090 3896 1233 3968 scripsisse
1251 3895 1378 3952 heretica
1389 3896 1515 3964 dogmata
1527 3901 1684 3965 putaretur;
1699 3894 1747 3950 sed
1761 3895 1798 3949 ita
1812 3894 1840 3949 in
1852 3909 1886 3950 ea

245 3999 281 4041 ne
303 3992 379 4053 gesta
405 3991 481 4046 suut,
491 3981 630 4038 evidenter
643 3989 767 4049 evacuat,
781 3982 815 4040 ad
825 3981 944 4051 illorum,
959 3983 1041 4042 idest
1089 3989 1224 4060 pravitate
1236 3987 1307 4045 idern
1319 3985 1451 4043 cotillctor
1464 3986 1586 4057 epistole
1600 4000 1772 4057 permanens,
1781 3984 1826 4041 illa
1840 3998 1898 4041 or·v

246 4071 334 4131 Photii
357 4082 385 4130 et
403 4072 547 4140 Eustathii,
571 4081 769 4145 consequenter
795 4088 876 4131 omne
900 4076 1041 4135 remittens
1090 4078 1210 4136 thodoxa
1234 4078 1306 4134 beati
1330 4075 1424 4150 cyrilli
1447 4076 1574 4146 dogmata
1601 4076 1730 4132 haeretica
1749 4074 1888 4131 videretur

245 4171 307 4221 eele
321 4165 470 4235 negotium,
484 4180 601 4235 quorum
618 4164 676 4235 jam
698 4166 832 4222 sentemn
845 4165 921 4223 lbatu
934 4167 1041 4240 episco-
1090 4177 1226 4235 astruere,
1242 4175 1272 4223 ut
1285 4167 1320 4223 ab
1334 4168 1374 4222 cis
1386 4166 1477 4238 potius
1486 4166 1595 4222 beatum
1604 4162 1733 4236 cyrillum
1744 4163 1826 4219 veluti
1838 4164 1889 4217 ab-

245 4271 310 4328 pnm
324 4265 457 4315 noverant
469 4253 632 4313 absolutum.
652 4255 730 4325 Quod
753 4257 780 4315 in
794 4260 970 4332 sequentibus
981 4255 1041 4319 evi·
1090 4260 1235 4329 negantem
1245 4273 1305 4330 quae
1316 4271 1398 4328 prave
1409 4255 1607 4326 conscripserat
1615 4262 1720 4309 asseret
1730 4251 1887 4308 recessisse.

245 4345 370 4404 denltore
390 4345 520 4417 judicium
533 4346 744 4404 interlocutione
753 4348 887 4418 signetur,
900 4349 949 4421 qui
962 4360 1039 4421 gesta
1090 4348 1157 4417 Quae
1188 4348 1280 4405 omnia
1314 4347 1368 4403 line
1403 4347 1524 4418 episcopi
1554 4343 1715 4415 prolessloni
1742 4357 1827 4412 quare
1852 4341 1889 4395 ab

246 4437 348 4496 nelarie
363 4438 488 4495 secunde
506 4436 650 4510 Ephesiae
669 4440 766 4513 synodi
785 4449 883 4498 eontra
895 4441 969 4500 lhem
980 4445 1040 4515 epi·
1090 4438 1308 4497 adversariorum
1333 4436 1488 4507 objectione
1503 4441 1594 4490 tuetur
1603 4446 1664 4488 esse
1676 4431 1811 4488 contraria
1825 4428 1889 4499 qui-

245 4542 358 4601 soopum
372 4545 422 4601 pro
444 4531 631 4588 exsecratione
644 4540 726 4603 etque
739 4532 933 4591 mendaciosui
946 4535 1039 4593 habite
1053 4556 1078 4618 ῃ
1090 4545 1197 4602 cunque
1219 4529 1265 4601 pio
1289 4545 1322 4587 ae
1349 4536 1426 4585 recto
1453 4526 1536 4584 corde
1556 4525 1623 4595 legit
1645 4524 1780 4593 intelligit.
1794 4521 1891 4591 Neque

246 4620 331 4692 relegi
341 4629 494 4678 vetuerunt.
506 4621 572 4677 llam
585 4629 617 4677 ut
625 4623 746 4694 apertius
758 4623 946 4682 manifestetur
959 4626 1040 4684 intel·
1091 4623 1164 4679 enixu
1191 4622 1241 4693 ipsi
1263 4620 1368 4692 judices
1380 4620 1404 4676 si
1416 4618 1489 4690 quod
1502 4618 1545 4675 vel
1560 4617 1612 4674 levi
1635 4615 1812 4685 derogatione
1825 4621 1891 4684 post

245 4711 293 4783 ligi
306 4711 380 4769 lbato
394 4710 553 4784 episcopum
568 4712 766 4785 universaquae
781 4714 817 4770 ab
836 4715 998 4774 adversariis
1011 4717 1040 4775 in
1092 4717 1223 4773 unitatem
1235 4715 1338 4771 dictum
1351 4713 1395 4777 sit,
1410 4713 1584 4782 exquirentes
1598 4709 1672 4767 lbem
1686 4709 1852 4780 episcopum,
1862 4706 1890 4762 si

244 4804 347 4879 indicio
366 4803 457 4862 Photii
476 4812 560 4876 atque
577 4804 710 4863 hennil
723 4807 920 4880 episcoporum
934 4806 1041 4880 objecta
1092 4808 1152 4879 ejus
1162 4822 1222 4864 esse
1235 4815 1290 4863 tam
1300 4813 1393 4877 aperte
1404 4803 1636 4876 blasphemantem
1656 4801 1797 4873 epistolem
1812 4806 1903 4855 eom-¹

245 4899 363 4970 munt,
373 4908 402 4956 et
412 4914 483 4956 nnnc
502 4900 531 4956 in
542 4909 637 4957 sancto
655 4898 867 4958 Cltelcedonensi
877 4902 993 4959 eotvcilio
1006 4917 1041 4961 ex
1093 4899 1262 4972 probassent,
1277 4904 1436 4969 paterentur
1457 4896 1517 4952 sine
1540 4894 1643 4950 ultione
1658 4893 1770 4949 transire
1785 4897 1832 4946 aut
1846 4889 1891 4946 di-

247 4993 329 5062 gestis
340 5006 401 5062 quse
413 4990 581 5063 Theophilus
601 4991 759 5064 proferebat
784 4991 939 5063 objicienda
951 5002 1040 5062 eram,
1093 4998 1188 5050 cerent
1202 5007 1256 5048 non
1270 5005 1331 5047 esse
1345 4989 1511 5047 convictum.
1525 4987 1590 5057 Quae
1603 4998 1693 5043 autem
1707 4985 1779 5042 beati
1793 4984 1890 5057 cyrilli

246 5080 459 5138 indubitabiliter
484 5081 645 5153 denegasse,
664 5082 841 5152 interrogatio
864 5080 986 5153 judicum
1013 5085 1040 5142 in
1092 5082 1180 5152 major
1202 5081 1300 5152 inieris
1319 5088 1410 5152 potest
1421 5081 1466 5135 vel
1479 5078 1584 5152 exquiri
1596 5078 1640 5134 vel
1654 5076 1711 5133 lieri
1723 5092 1804 5148 quaxn
1820 5075 1890 5144 dog-

246 5170 417 5231 Cbaleedona
442 5172 633 5241 residentium,
646 5173 689 5231 vel
708 5172 850 5245 responsio
870 5171 960 5231 Photii
982 5175 1042 5247 epi·
1090 5184 1165 5233 mete
1186 5176 1256 5245 eins,
1270 5189 1331 5246 quae
1354 5175 1381 5230 in
1402 5172 1539 5246 Ephesina
1552 5173 1638 5244 prima
1650 5171 1785 5242 exposuit,
1801 5169 1889 5224 basre-

245 5263 320 5333 scopi
328 5263 387 5321 eine
394 5265 552 5336 cujusquam
562 5264 745 5334 ambiguitatis
753 5265 879 5337 peteleeit
887 5267 1039 5333 obstaculo;
1092 5267 1145 5324 tica
1159 5265 1281 5332 delinire,
1296 5278 1346 5337 per
1358 5277 1473 5334 quorum
1481 5261 1660 5319 orthodoxam
1670 5259 1889 5332 predicationem

246 5368 307 5424 quae
316 5356 353 5410 ita
364 5370 395 5411 se
404 5356 505 5413 habent
515 5355 609 5431 (told.)
621 5372 630 5411 a
644 5355 898 5429 Magnificentissimi
908 5366 934 5414 et
943 5359 1041 5431 glorio·
1090 5359 1168 5416 vivus
1182 5374 1215 5414 ac
1228 5366 1352 5414 mortuus
1372 5355 1497 5412 omnibus
1508 5352 1671 5412 venerabilis
1683 5363 1712 5411 et
1722 5349 1889 5409 reverendus

245 5445 345 5502 donni
354 5447 457 5519 iodim
469 5448 592 5504 dixerant
613 5464 623 5503 .·
649 5447 713 5504 lies
726 5450 805 5520 ipitur
818 5451 1040 5507 reverentissimos
1091 5452 1195 5517 existit;
1209 5465 1270 5521 quse
1282 5448 1407 5519 dogmata
1417 5448 1490 5504 beati
1500 5446 1591 5519 cyrilli
1605 5445 1669 5502 dnm
1683 5441 1886 5518 perepistolern

246 5540 328 5595 nattis
341 5541 534 5597 sementalibus
547 5552 586 5598 est
606 5541 756 5598 convicturi
771 5542 879 5598 Plotius
893 5545 1043 5599 reverentia·
1090 5543 1125 5599 ed
1138 5542 1233 5598 llarim
1245 5541 1355 5599 Persem
1368 5540 1498 5612 scriptam
1508 5547 1687 5611 posteaquam
1698 5536 1808 5593 adunati
1821 5543 1888 5590 sunt

209 5680 212 5686 .
246 5630 327 5686 simet
341 5630 475 5705 episcopas
485 5630 661 5697 disitalloo,
670 5640 700 5688 et
712 5640 820 5689 estere.
834 5633 903 5701 Quid
914 5634 964 5690 hac
978 5649 1040 5706 pro·
1090 5634 1180 5691 oeaee
1193 5632 1332 5689 memoriae
1345 5629 1461 5704 cyrillus
1483 5638 1512 5687 et
1534 5629 1653 5687 loannes
1663 5627 1837 5685 Antiocheae
1846 5626 1887 5681 ei·

247 5830 280 5873 ee
294 5830 353 5888 que
367 5823 509 5875 accusetur
520 5812 706 5888 propositurus
717 5825 875 5888 negaturum
888 5815 962 5873 lbam
974 5831 1041 5874 con·
1091 5831 1221 5891 pugnare,
1236 5816 1296 5889 quis
1316 5829 1383 5872 sene
1404 5821 1493 5871 mente
1503 5812 1588 5887 possit
1599 5811 1738 5869 advertere
1749 5809 1823 5868 lbam
1834 5823 1883 5865 ne·
