4059 6184
905 250 1040 309 Putitii
1058 254 1160 311 PAPAE
1178 254 1189 311 i

500 462 746 533 EJUSDEM
786 460 1009 533 PELAGH
1046 463 1199 533 PAPAE
1237 465 1258 535 1
1299 466 1604 556 EPISTOLAE,

347 616 405 659 snt]
428 615 537 658 Portus
561 617 755 659 readunati
777 616 866 659 LUCAE
887 612 1056 657 HOLS‘I'ENH
1077 611 1193 658 trunto
1215 617 1339 661 Pilldeil
1363 620 1382 662 E
1403 620 1559 664 Titttssttttts
1584 622 1768 669 vtttnictt't.

934 741 1177 755 Q

266 829 385 900 Pelagius
399 827 496 883 inormi
512 828 627 883 Patricio
638 829 796 895 cubiculario,
810 829 878 883 inter
890 838 993 885 coeterm
1036 828 1062 887 Α
1077 824 1151 881 idem
1166 825 1291 898 Pelagius
1310 827 1411 885 Victori
1424 839 1450 883 et
1470 830 1611 888 l'nncrntio
1631 832 1789 905 illustribus,
1805 837 1875 894 inter

271 919 407 987 Pudenda,
423 920 458 974 ita
472 927 501 973 nt
513 917 609 984 dicum,
626 918 720 988 rapina
733 917 758 972 in
774 918 904 974 divisione
915 925 958 973 est
971 933 1027 972 non
1421 911 1527 956 ‘wltia-

234 1020 421 1077 consecratus,
450 1011 498 1067 scd
527 1020 685 1067 exsecratus
715 1012 869 1081 episcopus.
898 1009 926 1065 Si
954 1009 1026 1063 enim
1112 990 1750 1083 hschismaticoromsacrilciis,potiusaotem
1763 1017 1874 1075 sacrile-

235 1105 321 1174 ipsum
345 1119 443 1159 nomen
467 1102 679 1159 consecrationis
708 1101 862 1158 rationabili
884 1116 917 1157 ac
938 1100 1025 1155 vivaci
1076 1098 1127 1166 giis
1140 1100 1275 1156 abstinere
1283 1102 1397 1163 dehetis.
1413 1101 1535 1160 Schisma
1546 1106 1679 1176 siquidem
1692 1110 1789 1180 ipsum,
1801 1112 1875 1183 qnod

235 1196 369 1252 intellectu
385 1195 554 1263 discutimus,
568 1195 649 1265 isqui
666 1211 728 1251 cum
739 1194 883 1250 uniuersali
894 1192 1027 1248 detrectat
1077 1188 1199 1245 crocum
1215 1205 1314 1248 nomen
1326 1199 1384 1261 cst,
1400 1194 1544 1250 scissuram
1561 1206 1651 1254 sonat.
1665 1198 1717 1255 Sed
1728 1201 1755 1255 in
1771 1204 1875 1261 onitate

234 1287 386 1345 consecrari
406 1286 539 1353 Ecclesia,
564 1294 739 1342 consecratus
753 1284 805 1340 dici
821 1283 862 1340 rel
877 1298 937 1339 csse
952 1282 1026 1336 nulla
1077 1281 1192 1337 scissura
1206 1297 1266 1338 csse
1288 1298 1342 1338 non
1356 1290 1457 1353 potest.
1470 1284 1529 1340 Non
1550 1301 1615 1359 crgo
1630 1290 1727 1345 unitati
1747 1306 1874 1348 commn-

234 1379 338 1435 ratione
359 1380 471 1450 poterit.
484 1378 651 1435 Consecrare
664 1377 736 1435 enim
751 1384 793 1433 cst
807 1374 886 1433 simul
906 1389 1025 1430 sacrare.
1078 1372 1169 1428 nicant
1190 1374 1237 1442 qui
1262 1375 1442 1432 schismaticis
1464 1378 1678 1434 communicant.
1700 1380 1794 1439 Partes
1821 1385 1875 1441 sibi

233 1469 287 1525 Sed
301 1469 335 1526 ab
348 1468 475 1525 Ecclesiae
488 1469 634 1527 visceribus
648 1469 759 1533 divisus,
781 1476 810 1523 et
822 1468 856 1523 ab
870 1466 1027 1538 apostolicis
1078 1462 1129 1534 ipsi
1140 1462 1271 1531 iecerunt,
1286 1473 1315 1520 et
1328 1467 1362 1522 ab
1381 1481 1415 1522 eo
1433 1467 1505 1536 qnod
1524 1482 1607 1523 onum
1628 1477 1684 1536 est,
1706 1480 1736 1525 ut
1756 1475 1877 1543 apostoli

233 1561 343 1618 sedibus
360 1569 501 1635 separatus
515 1568 639 1618 exsecrat
653 1562 710 1632 ipsc
730 1560 830 1632 potius,
852 1566 881 1614 ct
893 1574 948 1613 non
960 1572 1028 1613 con·
1077 1552 1160 1612 lndci
1172 1554 1228 1624 iarn
1240 1556 1329 1612 verbis
1339 1557 1445 1627 loquar,
1456 1561 1606 1629 semetipsos
1618 1571 1799 1634 segregantes,
1815 1566 1875 1635 rpi-

233 1660 331 1708 socrat.
344 1650 408 1707 lore
420 1667 486 1722 ergo
495 1659 650 1708 exsecratus
661 1659 776 1715 tautum,
788 1662 842 1704 non
853 1652 1027 1704 consecratus
1071 1647 1154 1701 ritum
1169 1664 1221 1701 non
1232 1647 1327 1701 nabent
1342 1646 1475 1719 (iud.‚9).
1489 1648 1591 1716 Quibus
1601 1651 1725 1707 omnibns
1737 1653 1803 1708 illud
1814 1655 1876 1710 etii-

234 1744 334 1814 poterit
347 1742 412 1809 dici,
435 1758 515 1812 quem
530 1742 609 1799 simul
624 1755 732 1798 sacrare
755 1741 783 1795 in
797 1740 899 1795 unitate
912 1738 1027 1808 conjun-
1078 1739 1158 1806 citur,
1175 1746 1206 1794 ut
1218 1739 1437 1809 qutatnvunitatc
1462 1756 1544 1797 unum
1565 1757 1620 1797 non
1634 1750 1706 1808 snut,
1724 1745 1826 1816 utquia
1844 1746 1875 1801 in

233 1835 284 1892 ctis
307 1833 436 1895 memhris
455 1850 510 1897 non
531 1833 655 1903 agnoscit
674 1831 806 1889 Ecclesia·
827 1831 971 1888 videamus
985 1837 1027 1884 tn·
1076 1844 1154 1906 parte
1166 1850 1227 1891 esse
1248 1834 1448 1900 vulnerentur
1465 1836 1528 1904 qnia
1547 1834 1678 1906 spiritum
1697 1852 1753 1893 non
1770 1838 1875 1896 habers

233 1940 296 1981 meu
310 1933 400 1981 utrum
422 1926 465 1981 vel
490 1926 608 1997 ipsarum
627 1924 853 1983 connsuetudinem
868 1925 983 1994 partium
999 1924 1026 1979 in
1077 1925 1199 1996 corporis
1211 1924 1323 1993 Chri-ti,
1334 1924 1494 1981 sacrificium
1505 1926 1670 1983 habercnon
1684 1928 1796 1997 possint
1812 1928 1875 1985 Non

233 2032 281 2072 sua
297 2015 467 2074 ordinatione
480 2018 711 2073 conservaverint.
733 2017 835 2087 Nempe
849 2016 872 2072 is
882 2031 942 2071 mos
955 2015 1027 2075 anti·
1077 2024 1167 2075 autem
1187 2014 1265 2071 nobis
1284 2029 1358 2071 nunc
1375 2015 1422 2070 illu
1441 2016 1555 2085 quaestio
1579 2022 1630 2084 est,
1646 2026 1735 2072 utrum
1752 2017 1876 2074 tolerare

233 2124 302 2178 nuos
323 2109 384 2177 luit,
409 2119 439 2166 ut
452 2110 514 2180 qnia
528 2125 579 2182 pro
598 2094 797 2179 longinquitate
808 2109 852 2164 vel
866 2107 1025 2164 difficultate
1077 2106 1173 2173 malos,
1187 2104 1234 2161 sed
1245 2112 1337 2163 ,utrum
1356 2104 1504 2161 debeamus
1517 2105 1697 2163 schismaticis
1712 2107 1821 2163 sociari.
1843 2105 1877 2163 Si

233 2200 337 2256 itineris
346 2200 380 2256 ab
392 2201 545 2271 apostolico
559 2216 704 2257 onerosum
719 2200 772 2257 illis
786 2199 875 2256 soeret
892 2198 1022 2265 ordinari,
1040 2201 1062 2261 it
1077 2196 1157 2251 ctiam
1170 2195 1233 2266 ipsi,
1246 2195 1310 2251 licet
1322 2194 1349 2250 in
1363 2210 1415 2251 suo
1428 2210 1510 2250 sensu
1520 2195 1701 2265 abundantes,
1722 2198 1793 2252 intra
1815 2211 1880 2252 ma-

233 2292 285 2364 ipsi
298 2308 328 2348 se
349 2292 466 2349 inuicem
479 2292 688 2349 Mediolanensis
703 2301 731 2349 ct
751 2290 930 2362 Aquileiensis
949 2287 1024 2344 ordi·
1078 2293 1156 2342 terna
1171 2294 1262 2342 tamen
1277 2285 1359 2357 positi
1371 2286 1487 2342 uiscera
1511 2286 1663 2356 moererent
1676 2288 1839 2358 toritatem,
1861 2303 1880 2344 a

233 2398 299 2440 trare
311 2383 431 2455 episcopi
444 2383 599 2439 debuissent
612 2403 619 2438 ι
633 2384 670 2439 ita
683 2390 773 2439 tamen
788 2391 819 2437 ut
830 2382 857 2437 in
871 2395 902 2437 ea
917 2379 1027 2437 civitate
1079 2380 1157 2435 nobis
1171 2377 1320 2450 repellendi
1335 2392 1389 2434 non
1404 2378 1495 2445 crant,'
1508 2378 1596 2436 donec
1609 2378 1681 2451 apud
1700 2394 1750 2436 eos
1768 2380 1882 2438 ratione

233 2492 259 2530 tn
272 2490 325 2544 qua
340 2482 399 2529 erat
412 2473 577 2529 ordinandus
598 2475 753 2547 episcopus,
774 2473 886 2528 alterins
909 2468 1027 2535 ciuitatis
1084 2471 1153 2528 duce
1164 2473 1203 2528 rei
1218 2472 1317 2528 veritas
1331 2472 1482 2531 claruisset.
1497 2472 1549 2528 Sed
1563 2472 1627 2542 qnia
1642 2490 1672 2530 sc
1686 2475 1720 2530 ab
1729 2474 1883 2531 universali

233 2563 354 2636 pontifex
365 2579 508 2620 occurrere
520 2564 659 2621 debuisset
671 2582 679 2632 3
694 2573 724 2620 ut
737 2571 765 2619 et
777 2561 919 2618 ordinandi
929 2560 1027 2617 electio
1081 2561 1203 2620 Ecclesia
1217 2563 1375 2631 diviserunt,
1387 2564 1456 2620 sicot
1468 2563 1565 2620 beatos
1576 2563 1742 2634 Augustinus
1754 2565 1803 2634 ait,
1817 2580 1883 2621 oru-

233 2657 388 2728 apraesentt
410 2655 575 2721 ordinatore,
599 2671 634 2711 ex
645 2671 779 2712 consensu
800 2654 961 2710 universalis
983 2652 1028 2709 cui
1082 2652 1124 2710 nis
1144 2651 1296 2709 catholicus
1318 2668 1429 2709 securus
1447 2668 1508 2710 earn
1528 2661 1633 2724 partem
1650 2653 1816 2718 detestetur,
1833 2654 1884 2711 cui

233 2745 418 2818 praeficiendus
428 2754 487 2802 erat
501 2744 641 2814 Ecclesia,
656 2745 752 2803 melius
763 2761 795 2802 ac
808 2744 912 2802 facilins
922 2730 1034 2815 potuis:
1079 2742 1227 2825 Ecclesiam
1240 2743 1422 2800 universalem
1432 2743 1590 2815 apostolicis
1599 2743 1707 2800 sedibus
1721 2744 1886 2802 roboratam

233 2846 275 2892 set
294 2836 424 2907 agnosci,
448 2844 477 2893 et
499 2837 527 2892 in
550 2852 599 2892 sua
613 2837 659 2906 qui
674 2836 708 2892 nd
722 2837 909 2907 episcopatum
929 2849 1029 2906 prore·
1079 2851 1134 2892 non
1147 2836 1349 2891 communicare
1364 2835 1515 2904 cognoscit.
1531 2834 1586 2892 Nec
1606 2836 1678 2891 enim
1701 2835 1801 2904 levigat
1825 2836 1887 2891 cri-

234 2926 339 2983 hendus
352 2937 422 2995 erat,
443 2942 494 2985 nec
516 2936 607 2983 tamen
630 2927 778 2984 ordinatori
802 2942 852 2982 suo
874 2925 1030 2982 subdendus
1080 2942 1143 2983 men
1158 2941 1268 2992 corum,
1287 2926 1374 2996 magis
1395 2941 1461 2982 rero
1480 2921 1888 2996 nuget,t1nodeosdiuresti-

234 3017 331 3086 tuerat,
343 3018 516 3075 ordinaretur
524 3017 655 3074 Ecclesia.
672 3016 732 3075 Nrrli
747 3017 908 3073 catholicam
922 3031 1032 3093 semper
1080 3020 1146 3075 tlsse
1173 3018 1288 3083 dixistis,
1303 3032 1339 3074 ne
1352 3017 1509 3089 apostolicis
1522 3018 1756 3075 communicantes
1768 3017 1889 3075 sedibus

234 3115 351 3163 ruentem
361 3105 1028 3178 aliqunschismaticorumcommunionepollucre.
1083 3111 1111 3167 in
1121 3126 1170 3166 sua
1185 3110 1375 3166 communione
1388 3110 1550 3183 reciperent.
1567 3109 1597 3165 ln
1613 3111 1667 3168 hoc
1685 3109 1843 3166 colondum
1857 3119 1889 3168 et

234 3199 321 3257 Unum
334 3200 431 3258 Christi
447 3217 558 3272 corpus,
573 3217 654 3257 unam
667 3208 776 3258 constat
790 3215 852 3257 esso
865 3197 1029 3255 Ecclesiam.
1082 3202 1122 3260 illi
1145 3200 1271 3272 culpandi
1293 3210 1373 3269 sunt,
1391 3203 1438 3274 qui
1457 3203 1659 3259 commonicare
1672 3202 1771 3258 talibus
1783 3203 1891 3260 volum

235 3292 355 3349 Diuisum
369 3294 404 3348 ab
416 3293 521 3349 nnimte
534 3294 619 3348 altare
634 3294 775 3348 veritatem
796 3290 898 3347 Christi
922 3287 1031 3360 corpori
1080 3299 1153 3359 runt,
1164 3291 1250 3347 multo
1264 3292 1351 3361 magis
1358 3298 1449 3349 nmen
1461 3291 1499 3347 illi
1509 3292 1670 3349 exsecrandi
1676 3299 1750 3361 sunt,
1762 3293 1809 3362 qni
1825 3310 1890 3353 nou

237 3399 291 3441 non
306 3392 397 3454 potest
409 3368 594 3454 congregare3
621 3384 760 3440 toleranda
774 3390 838 3439 sunt
860 3383 887 3438 iu
901 3395 1032 3452 compage
1081 3380 1170 3437 solum
1189 3381 1217 3435 in
1228 3379 1417 3437 sacerdotibus
1431 3380 1650 3437 communionem
1667 3380 1892 3452 apostolicarum

234 3475 355 3546 corporis
366 3473 514 3546 positorum
529 3474 610 3530 etiam
626 3473 671 3529 illa
685 3488 877 3543 nonnunquam
891 3473 954 3528 vitia
968 3487 1029 3542 quae
1081 3470 1199 3538 sedium,
1213 3486 1307 3526 rerum
1326 3472 1408 3527 etiam
1424 3471 1451 3526 in
1463 3472 1529 3542 ipsis
1543 3472 1619 3528 laicis
1637 3481 1809 3543 spreverunt.
1826 3472 1892 3531 Sed

234 3580 283 3636 pro
306 3565 409 3622 unitate
422 3565 557 3621 interdum
573 3573 714 3637 parcentes
728 3580 854 3622 resecare
868 3579 922 3621 non
936 3580 1026 3635 possu·
1040 3563 1062 3626 C
1079 3576 1131 3617 nec
1145 3560 1210 3614 illud
1230 3561 1270 3615 eis
1284 3560 1395 3631 prodest
1412 3561 1485 3629 quod
1499 3574 1547 3618 eos
1561 3561 1587 3616 in
1606 3560 1707 3617 eisdem
1720 3561 1821 3618 litteris
1837 3565 1893 3620 vel

235 3676 305 3716 mus.
324 3659 392 3728 Quia
404 3669 432 3715 ct
451 3659 635 3728 evangelicum
654 3659 799 3728 agricolam
821 3656 910 3731 (loon.
924 3673 968 3723 xv,
985 3659 1024 3729 t),
1079 3654 1230 3724 ignorantia
1246 3657 1369 3723 rationis,
1384 3655 1426 3711 uel
1440 3656 1612 3727 simplicitate
1633 3655 1788 3713 intellectus
1806 3658 1858 3713 sui
1872 3674 1893 3714 a

234 3750 322 3806 minus
345 3749 505 3805 allerentom
529 3749 646 3804 fructum
671 3748 819 3818 palmitem,
843 3748 867 3802 si
889 3748 1026 3803 tamenin
1079 3755 1171 3801 nostra
1186 3747 1419 3803 sccommuninne
1439 3743 1610 3816 suspendisse
1624 3743 1781 3814 perhibetis.
1804 3744 1892 3817 idip-

234 3839 289 3895 rite
303 3846 419 3904 manent,
436 3852 552 3910 purgare
566 3852 645 3908 posse
656 3845 749 3892 noster
761 3838 885 3892 Salvator
898 3836 1026 3892 edocuit:
1079 3853 1140 3893 sum
1150 3839 1223 3894 enim
1238 3839 1324 3908 magis
1338 3846 1397 3907 est,
1413 3837 1608 3909 propterquod
1622 3838 1785 3894 schismatici
1795 3850 1892 3897 suist:

235 3931 382 3987 abscissum
397 3940 487 3985 antem
502 3946 518 3985 a
531 3931 587 3986 vito
601 3929 739 4000 palmitem
755 3929 806 3985 nisi
822 3930 876 4000 igni
896 3928 929 3984 ad
949 3944 1027 3984 com·
1080 3929 1142 3998 qnia
1157 3943 1210 3984 non
1225 3944 1273 3985 cos
1284 3929 1388 3984 diversa
1395 3928 1527 3984 sentiendi
1540 3929 1681 3999 judicium,
1692 3928 1742 3985 sed
1752 3930 1894 3999 qntcdam

235 4019 388 4074 inurendum
401 4027 493 4089 aptum
516 4034 646 4076 essenon
670 4035 758 4090 posse,
775 4021 895 4089 ejusdem
909 4020 1027 4077 coelcstis
1081 4018 1192 4089 apudse
1206 4018 1377 4087 delata,sibi
1397 4026 1488 4074 tamen
1509 4019 1645 4090 incognita
1664 4027 1842 4085 metuentes,
1862 4031 1897 4077 ct

235 4112 353 4181 magistri
367 4112 481 4167 ueritate
492 4111 635 4168 didicimus
651 4110 757 4184 (itit).
773 4112 833 4168 Noli
851 4127 916 4184 ergo
931 4126 1027 4168 eornm
1079 4114 1173 4162 contra
1189 4106 1367 4177 apostolicam
1377 4107 1469 4163 sedem
1485 4116 1586 4164 temere
1595 4108 1746 4176 credentes,
1758 4112 1895 4180 pessima

234 4200 281 4270 qui
295 4200 350 4272 igni
363 4201 418 4272 apti
440 4211 514 4271 sunt,
540 4217 594 4257 non
610 4203 818 4266 consecrationi,
839 4203 888 4258 sed
902 4217 1029 4258 exsecra·
1081 4199 1171 4255 diuisit
1188 4200 1291 4271 opinio.
1314 4200 1391 4268 Quod
1404 4200 1522 4259 schisma
1536 4201 1692 4272 specialiter
1708 4216 1770 4259 esse
1780 4202 1899 4261 beatus

236 4293 353 4349 tionibus
365 4294 527 4350 consentire.
553 4294 609 4350 Nec
631 4295 768 4350 existimes
782 4294 843 4349 illos
854 4293 896 4349 vel
911 4309 971 4349 csse
984 4292 1028 4350 vel
1079 4289 1221 4346 denuntiat
1236 4290 1399 4364 Augustinus
1413 4292 1507 4348 dicens
1529 4291 1675 4349 dotalibus
1690 4311 1698 4345 ι
1715 4293 1766 4358 Qni
1784 4294 1899 4350 adeer-

235 4383 288 4438 dici
302 4382 453 4439 Ecclesiam
467 4399 557 4456 posse.
576 4383 682 4440 Etenim
707 4400 778 4451 com,
804 4385 877 4441 sicut
898 4385 1025 4449 diximus,
1077 4399 1135 4438 sum
1147 4386 1329 4440 auctoritatem
1342 4384 1445 4439 illorum
1460 4382 1638 4438 Eeclesiorum
1648 4400 1706 4455 qrrae
1717 4388 1900 4456 apostoticae

236 4472 354 4529 Ecclesia
368 4490 420 4530 ona
435 4475 481 4543 sit,
496 4475 539 4531 cui
553 4475 580 4530 in
595 4476 715 4532 Canticis
727 4476 893 4531 canticorum
907 4475 1024 4530 dicitur:
1078 4474 1151 4528 sedes
1178 4483 1203 4527 et
1227 4474 1350 4545 epistolas
1372 4475 1489 4544 occipere
1508 4481 1669 4540 meruerunt,
1690 4483 1786 4529 terruere
1825 4493 1900 4532 cre·

237 4559 471 4618 ilnnestcolumbu
485 4579 541 4618 mro
560 4563 649 4635 (Cortt.
664 4564 720 4636 vr);
738 4564 839 4619 nnllam
862 4563 942 4618 aliam
966 4578 1026 4637 csse
1079 4564 1134 4631 dit,
1159 4563 1377 4617 immanissimum
1394 4563 1542 4618 scltismotit
1561 4562 1659 4617 cmnten
1682 4578 1698 4615 a
1719 4580 1748 4617 se
1765 4568 1900 4637 propul-

234 4660 342 4707 constat
360 4653 411 4709 nisi
422 4668 483 4724 quse
496 4655 524 4708 in
537 4656 688 4726 apostolica
699 4663 743 4711 est
757 4656 848 4713 radice
864 4654 994 4711 lucidata:
1010 4671 1026 4710 a
1077 4670 1137 4709 sore
1150 4670 1203 4708 non
1224 4654 1329 4725 poterit.
1350 4653 1391 4709 Ad
1410 4669 1556 4717 summam,
1575 4663 1622 4708 aut
1641 4654 1702 4710 illos
1725 4652 1900 4723 Ecclesiam

234 4742 332 4812 quibus
346 4743 430 4815 ipsam
457 4742 537 4800 tidem
559 4747 587 4801 in
608 4748 734 4803 universo
759 4755 934 4819 propagatam
960 4748 1027 4805 orbe
1077 4759 1136 4801 esse
1150 4745 1275 4811 creditis,
1297 4752 1326 4801 et
1347 4760 1408 4800 cum
1428 4744 1488 4801 dnae
1508 4744 1635 4801 Ecclesia}
1649 4761 1710 4803 csse
1728 4763 1785 4803 non
1813 4767 1901 4821 pos.

236 4848 288 4888 non
310 4841 400 4904 potest
424 4835 551 4891 dubitari.
575 4835 652 4904 Quod
676 4838 752 4893 vobis
773 4838 837 4895 licet
857 4838 1025 4894 notissimum
1077 4836 1141 4900 sint,
1158 4850 1217 4901 nos,
1233 4833 1306 4904 quod
1320 4834 1400 4898 absit,
1427 4835 1614 4891 schismaticos
1630 4835 1814 4906 judicabitis3
1841 4853 1903 4899 ant

236 4925 345 4979 omnino
355 4924 401 4993 sit,
411 4924 482 4981 berti
494 4934 582 4982 tamen
594 4928 733 4996 Augustini
743 4928 897 4985 testimonio
905 4943 1029 4998 compro·
1043 4936 1067 4994 ι)
1079 4927 1102 4982 si
1113 4941 1205 4981 verant
1227 4926 1254 4981 in
1278 4926 1436 4997 apostolicis
1451 4926 1560 5000 sedrbps
1575 4942 1635 4982 csse
1653 4936 1760 4983 constat
1779 4928 1903 4990 Eccle-

236 5011 341 5069 bemus.
352 5013 449 5071 hodite
462 5017 527 5085 quid
542 5017 569 5072 in
583 5019 701 5087 quodam
714 5034 798 5089 opere
812 5034 862 5074 suo
874 5017 1025 5088 preclaris·
1079 5017 1157 5082 siam,
1173 5025 1201 5072 et
1214 5016 1274 5073 illos
1292 5017 1327 5072 ab
1342 5017 1446 5072 unitate
1460 5017 1561 5074 diuisos
1580 5020 1745 5088 cognoscite,
1758 5028 1788 5075 et
1803 5039 1903 5081 com.

236 5103 319 5159 simos
333 5104 428 5161 doctor
438 5106 511 5163 dicat
525 5106 649 5164 Ecclesiae
661 5127 669 5176 ;
685 5109 723 5165 nit
732 5110 803 5165 enim
817 5129 824 5163 ι
840 5108 916 5177 ond
929 5110 953 5164 ri
965 5109 1026 5163 nul·
1079 5107 1217 5162 munionis
1239 5106 1415 5175 questionem
1435 5122 1495 5163 esse
1514 5108 1664 5174 sublatam,
1684 5124 1765 5180 qnam
1778 5128 1906 5176 veram

236 5194 261 5248 lo
275 5193 351 5248 niodo
364 5203 432 5249 recte
445 5198 496 5250 dici
510 5206 593 5267 potest
607 5196 727 5253 Ecclesia
740 5201 768 5253 in
782 5216 832 5271 nuo
842 5200 956 5255 rctdsmn
966 5208 1005 5254 ert
1014 5218 1024 5267 ,·
1080 5196 1132 5255 nisi
1150 5197 1177 5252 in
1201 5197 1304 5252 unitate
1326 5202 1434 5252 constat
1456 5211 1518 5253 csse
1536 5213 1590 5254 non
1609 5213 1700 5269 posse.
1714 5200 1774 5256 Noli
1800 5220 1905 5277 ergo,

236 5293 316 5339 restat
335 5296 362 5339 ut
376 5291 498 5359 quonium
519 5288 636 5345 Ecclesia
650 5291 724 5346 nullo
744 5309 801 5348 esse
820 5309 872 5347 non
885 5301 980 5363 potest,
993 5309 1025 5347 en
1079 5288 1155 5359 quasi
1170 5288 1244 5343 nulla
1254 5288 1486 5344 schismaticorum
1496 5287 1908 5359 etqueEcclesindiderentia

236 5374 269 5427 tit
283 5391 360 5444 quom
372 5378 399 5430 in
418 5379 488 5434 sedit
502 5383 650 5450 apostolico
668 5384 908 5453 per‘tnccesst‘oner,
923 5384 1025 5455 episcc-
1079 5382 1124 5443 sit‚
1138 5380 1208 5437 uelle
1223 5378 1408 5438 indifferenter
1421 5389 1599 5452 utrorumque
1611 5383 1748 5441 sacrificiis
1758 5390 1908 5452 sociari.

237 5480 328 5541 porum
341 5467 428 5523 rodite
438 5473 613 5540 constitutam,
625 5473 755 5529 nullorum
766 5475 898 5549 hominurn
912 5475 1024 5539 molitio,
1078 5472 1137 5527 Non
1153 5478 1194 5529 cst
1216 5470 1316 5527 Christi
1331 5487 1445 5543 corpus,
1457 5471 1531 5542 quod
1548 5473 1732 5531 schismaticus
1750 5477 1910 5552 coniicit,

236 5556 339 5611 etinmai
352 5566 413 5611 noto
431 5563 534 5617 excindi
546 5579 598 5617 non
617 5566 708 5636 possit,
722 5567 767 5620 sed
777 5584 825 5636 pro
844 5567 945 5620 ratione
961 5575 1025 5618 tcm-
1077 5564 1100 5618 si
1115 5564 1230 5618 veritate
1256 5563 1325 5619 duce
1346 5562 1495 5634 dirigimur.
1514 5560 1570 5620 Nec
1588 5564 1660 5620 eninr
1676 5565 1799 5620 divisum
1830 5586 1914 5635 esse

240 5640 308 5707 bour
331 5650 465 5703 rctrrnndo
487 5652 633 5723 jrrdicctur,
651 5656 704 5713 ullo
724 5658 799 5713 niorto
823 5656 907 5715 colent
931 5656 1027 5710 nstin·
1077 5653 1212 5710 Christum
1220 5655 1467 5726 poteritquisquam
1479 5655 1537 5723 sine
1547 5656 1668 5728 Apostoli
1680 5657 1915 5729 reprobatione

236 5729 323 5781 imm·
1077 5744 1240 5816 coritingcrc.
1260 5744 1367 5815 Unam,
1387 5753 1415 5799 ut
1428 5761 1500 5818 supe
1514 5748 1614 5803 dictum
1627 5758 1678 5815 cst,
1689 5765 1747 5821 que
1771 5752 1915 5823 Christi
