4059 6184
145 323 199 381 869

771 322 950 380 l'Alttnlttllt
971 321 1072 378 ttbult
1091 323 1136 379 lt'.

1729 334 1782 389 tito
1825 340 1830 351 ‘

143 436 183 492 rlit
198 436 272 504 quod
292 436 369 498 dicit
393 438 489 506 probat
514 439 585 507 quod
600 438 704 500 didicit,
728 436 863 506 gressibus
882 435 939 489 suis
953 444 976 499 Α
991 452 1051 490 rum
1075 438 1189 495 volitare
1213 440 1414 510 spissitudinem
1448 445 1640 513 conspexerint
1671 449 1782 502 oorninn

143 526 359 581 wncertantiom
373 525 432 594 iura
445 527 587 593 discemit;
600 536 628 583 et
640 542 717 582 more
727 525 871 582 vastissimi
886 523 937 578 llu-

145 619 224 672 mim's
239 617 266 685 ⁸,
277 617 337 672 aliis
357 618 443 687 spatia
454 618 533 684 tollit,
556 619 616 674 aliis
630 633 692 674 rura
714 617 846 674 concedit.
865 617 938 683 Qua·

145 717 258 778 propter
272 709 435 763 auctoritate
446 717 537 766 nostra
551 708 661 775 sullolti,
674 709 754 764 talem
766 708 867 776 eligite,
879 715 941 777 post

145 812 225 870 quem
246 807 339 863 partes
352 798 516 855 crubescant
537 799 685 870 impudenti
708 800 797 855 fronte
815 799 938 867 litigare3

144 897 280 958 quatenns
293 905 481 958 possessorum
493 891 554 960 jura
564 889 674 947 mrrlusa
687 889 938 953 essenoudebeaot,

144 978 243 1048 quibus
257 989 300 1033 est
313 981 496 1036 necessarium
510 980 589 1037 rebus
603 981 720 1052 propriis
740 980 868 1036 adbibere
882 981 941 1036 cul·

144 1078 245 1123 turam.

992 543 1156 595 muscarum,
1169 539 1233 585 tune
1244 532 1404 601 promittunt
1415 532 1468 588 laeti
1478 534 1557 590 iacile
1571 536 1643 605 quod
1654 541 1784 608 quaeritur

992 615 1116 672 inveniri.
1133 617 1242 674 Addunt
1252 620 1333 675 etiam
1348 621 1373 675 in
1388 622 1520 678 columnae
1534 627 1651 694 speeiem
1664 629 1784 700 conspici

991 706 1135 773 quemdam
1146 709 1331 765 tenuissimum
1346 710 1458 779 lomoni,
1473 713 1518 785 qui
1534 725 1634 785 quanta
1649 716 1730 774 luerit
1746 720 1785 775 al·

992 794 1106 850 titudine
1118 807 1259 866 porrectus
1272 800 1305 855 ad
1321 816 1465 866 summum,
1484 811 1559 858 tanto
1581 804 1607 860 in
1623 806 1705 862 imum
1719 808 1783 866 tatt-

991 898 1037 939 ces
1051 884 1134 940 latere
1149 898 1332 957 cognoscuut;
1348 898 1378 944 ut
1390 892 1443 946 boc
1457 891 1493 947 sit
1507 892 1637 961 mirabile,
1652 899 1724 968 quod
1734 915 1785 970 per

991 972 1164 1042 baecaliaque
1178 975 1252 1043 signa
1267 976 1373 1033 diversa
1387 995 1511 1036 mensura
1530 981 1641 1038 delinita
1659 988 1784 1056 praedici·

969 1100 973 1108 ·
992 1072 1045 1130 tur,
1060 1073 1161 1134 quanta
1174 1065 1355 1135 profunditate
1369 1073 1481 1139 quesita
1495 1084 1668 1131 monstretur.
1686 1075 1786 1132 Prndi-

990 1162 1057 1210 crrnt
1070 1154 1151 1209 etiam
1161 1170 1272 1225 sapores
1286 1172 1415 1227 aquarum
1430 1159 1492 1228 (¹,ut
1502 1179 1552 1220 nec
1566 1179 1660 1234 aspera
1674 1163 1785 1234 dispeu-

991 1244 1068 1300 dioso
1083 1245 1175 1301 labore
1189 1246 1287 1302 debeat
1304 1249 1398 1315 quaeri,
1413 1265 1464 1307 nec
1478 1252 1563 1307 dulcis
1577 1254 1785 1324 necessariaque

993 1337 1123 1392 inlronorc
1134 1335 1279 1392 contemni.
1294 1337 1367 1396 llarrc
1382 1341 1522 1397 scientiam
1538 1346 1712 1413 sequentibus
1725 1346 1781 1414 pul·

991 1429 1056 1484 ubre
1066 1428 1233 1484 tradiderunt
1243 1430 1313 1499 apud
1324 1429 1433 1488 Graecos
1443 1434 1500 1502 ille,
1509 1436 1580 1506 apud
1593 1434 1702 1491 Latinos
1713 1437 1785 1492 blan·

990 1518 1089 1584 cellos;
1105 1518 1151 1587 qui
1172 1533 1226 1574 non
1238 1520 1325 1574 aulum
1338 1521 1372 1575 dc
1391 1523 1574 1580 subterraneis
1597 1523 1713 1590 liuentis,
1735 1525 1784 1581 sed

991 1610 1026 1665 de
1039 1610 1098 1680 ipso
1113 1625 1221 1680 quoque
1243 1627 1291 1666 ore
1314 1611 1427 1669 lentium
1450 1615 1566 1671 sollicite
1591 1624 1782 1672 tractaverunt

990 1699 1089 1754 Dicunt
1110 1701 1182 1756 enim
1203 1716 1288 1772 aquas
1311 1717 1372 1774 quae
1395 1704 1429 1758 ad
1452 1705 1585 1761 orientem
1611 1714 1785 1777 austrumque

179 1774 481 1843 Alagnitudinisrestrae
494 1777 628 1834 relatione
642 1781 839 1850 comperimus,
864 1787 940 1856 aqui·
957 1817 977 1875 Β
992 1801 1184 1862 prorumpunt,
1207 1790 1299 1848 dulces
1318 1804 1399 1863 atque
1415 1795 1571 1864 perspicuas
1594 1810 1663 1859 esse,
1684 1804 1712 1852 et
1734 1811 1784 1864 pro

146 1867 272 1939 legiumb
287 1869 401 1944 Romana
414 1871 521 1927 senisse
539 1872 574 1927 de
593 1872 715 1943 partibus
735 1873 877 1945 Africanis,
893 1881 939 1936 ubi
992 1895 1040 1934 sun
1053 1880 1163 1935 levitate
1177 1881 1366 1938 saluberrimas
1388 1883 1516 1950 inveniri;
1533 1885 1559 1940 in
1572 1886 1784 1957 septentrionem

146 1976 191 2017 ars
211 1962 269 2032 ipsa
280 1976 330 2032 pro
344 1961 465 2018 locorum
479 1963 603 2020 siccitate
622 1979 720 2035 magno
732 1969 823 2026 studio
833 1985 940 2043 semper
990 1987 1056 2027 vero
1069 1981 1150 2041 atque
1163 1971 1334 2028 occidentem
1358 1989 1526 2045 quaecunque
1540 1987 1659 2042 manant,
1674 1977 1783 2049 probari

146 2050 290 2118 excolitur,
303 2053 349 2122 qui
369 2052 452 2108 aridis
471 2054 538 2111 locis
556 2069 640 2125 aquas
659 2057 744 2126 possit
757 2058 822 2117 dare
836 2065 940 2117 renati·
989 2062 1099 2132 quidem
1118 2062 1196 2119 nimis
1216 2063 1337 2133 frigidas,
1350 2069 1399 2121 sed
1420 2068 1597 2123 crassitudine
1615 2051 1672 2124 susc
1692 2071 1782 2138 gnari·

145 2143 185 2200 les
201 2154 230 2209 ‘3
252 2152 282 2199 ιιι
303 2144 435 2201 benelleio
453 2160 503 2202 suo
526 2147 648 2204 habitare
671 2147 752 2205 iaciat
773 2151 833 2207 loca
856 2154 939 2216 nimh
991 2154 1054 2209 tatis
1072 2155 1266 2211 incommodas.
1287 2156 1374 2226 Atque
1394 2159 1464 2224 ideo,
1484 2160 1506 2213 si
1522 2160 1618 2215 viderit
1630 2170 1782 2217 memorato

145 2237 291 2293 sterilitate
301 2238 478 2298 siccatalloc
493 2240 570 2296 nobis
581 2241 664 2299 luisse
675 2253 780 2312 gratum
791 2261 938 2316 cognosce;
990 2246 1027 2301 illi
1042 2246 1173 2315 sapientia
1186 2255 1277 2302 restra
1290 2255 1319 2301 et
1338 2247 1463 2304 codicum
1479 2250 1603 2316 lectime,
1622 2258 1650 2306 et
1668 2265 1718 2306 usu
1735 2267 1783 2307 re·

421 1180 587 1236 bristout
607 1182 670 1238 Ι.ΙΙΙ.

144 1283 295 1326 absumant)
313 1286 375 1325 ΙῚΙΙΟ
393 1287 523 1333 ltbtlstttt,
545 1288 637 1328 ctlttlxt
655 1290 834 1340 rutt’nrltlttttt,
855 1289 940 1329 'tubu-

451 1358 560 1398 eunicus
575 1360 638 1400 ltux.

144 1452 274 1522 Proecipit
288 1465 318 1506 ut
328 1453 357 1508 'ri
380 1455 533 1527 aquilegem,
552 1457 595 1526 qrri
618 1456 730 1512 Romans
743 1474 775 1513 ex
788 1455 879 1541 Africis
897 1474 941 1510 ne-

178 1532 273 1591 nernt,
293 1525 446 1593 compererit
467 1542 524 1579 esse
547 1525 623 1597 liujus
649 1530 714 1583 ortis
738 1530 939 1598 peritissimum,

176 1594 298 1663 inopiam
309 1596 367 1664 ejus
380 1596 534 1650 necessariis
548 1598 661 1651 annonis
674 1599 776 1662 relevet,
788 1599 861 1668 eique
877 1599 941 1668 jun·

182 1672 231 1736 pat
245 1664 438 1729 nreebonicnnr,
453 1666 495 1735 qni
509 1683 567 1720 eum
581 1684 661 1736 opero
672 1684 721 1723 sua
730 1669 812 1740 juret.

147 2338 284 2399 quatenus
296 2329 426 2386 industria
440 2331 485 2386 illa
500 2332 631 2402 maiorum
646 2334 721 2392 libris
735 2338 867 2407 exposita,
890 2354 939 2394 uo-

145 2422 210 2477 stris
225 2423 391 2492 temporibus
405 2423 509 2480 venerit
527 2426 709 2496 approbanda.
731 2426 820 2498 Signis
841 2431 940 2500 quippe

145 2515 291 2571 virentium
309 2516 453 2572 herbarum
470 2532 503 2574 ae
516 2519 681 2589 proceritate
694 2519 822 2575 arborum
842 2521 941 2577 vicini·

145 2615 229 2663 tatem
251 2606 354 2676 colligit
374 2608 504 2665 decenter
516 2609 657 2666 undarum.
675 2610 765 2668 Terris
782 2612 865 2677 enim,
880 2613 940 2683 qui·

145 2697 195 2753 bus
204 2696 294 2753 dulcis
306 2698 403 2754 humor
416 2714 471 2755 non
481 2700 561 2770 longe
574 2702 675 2767 subest,
690 2703 800 2760 ubertas
811 2719 941 2778 quorum·

145 2787 207 2842 dam
220 2790 374 2858 germinum
392 2805 502 2862 semper
514 2793 630 2862 arridet,
646 2801 676 2849 ιιι
694 2803 735 2851 est
746 2796 845 2866 juncus
858 2812 941 2868 aqna·

145 2880 210 2942 tilis,
231 2895 321 2936 canna
343 2882 421 2952 levis,
443 2884 654 2953 rubusvalldus,
676 2887 746 2942 salix
769 2889 842 2944 lenta
865 2891 939 2963 lmss.

990 2352 1050 2392 rum
1063 2352 1124 2407 qum
1141 2347 1204 2394 sunt
1214 2338 1342 2408 praedicta
1354 2348 1488 2406 constare,
1501 2341 1718 2410 competentibus
1731 2356 1780 2397 an·

990 2429 1070 2484 nonis
1091 2427 1125 2484 de
1148 2428 1258 2499 publico
1280 2430 1433 2500 deputatis,
1455 2431 1699 2500 peregrinationem
1723 2431 1782 2502 ejus

991 2519 1164 2592 inopiamque
1177 2521 1311 2577 relevabis
1326 2539 1333 2575 a
1347 2531 1508 2592 accepturus
1518 2523 1666 2590 mercedes,
1679 2523 1722 2578 cui
1737 2538 1781 2577 ar-

991 2613 1026 2668 tis
1037 2627 1092 2667 suae
1105 2611 1176 2686 dona
1197 2612 1360 2681 praestiterit.
1381 2611 1448 2666 llam
1462 2613 1586 2681 quamvis
1600 2610 1720 2667 Romana
1743 2612 1781 2668 ci·

990 2704 1060 2758 ritas
1072 2702 1149 2773 aquis
1163 2701 1281 2758 abundet
1294 2703 1412 2772 irriguis,
1421 2702 1511 2771 sitque
1524 2700 1643 2758 luntbus
1652 2701 1779 2772 gaudens,

990 2800 1018 2850 el
1033 2791 1180 2848 turmarum
1198 2791 1374 2848 inundatione
1396 2793 1536 2859 ditissime,
1557 2793 1727 2863 reperiuntur
1740 2800 1781 2847 ta·

991 2901 1053 2942 men
1074 2885 1190 2955 plurlma
1213 2885 1365 2941 suburbana
1385 2900 1446 2964 quae
1467 2884 1538 2940 banc
1552 2885 1690 2940 rideantur
1708 2884 1780 2939 desi-

145 2966 192 3024 Gr.
207 2978 233 3024 et
247 2969 319 3042 Cui„
338 2972 421 3044 lactei,
436 2974 552 3046 populus
564 2975 663 3043 virens,
686 2987 714 3032 et
735 2979 840 3048 reliqua
860 2981 941 3037 arbo-
990 2974 1085 3031 derare
1097 2974 1230 3045 peritiam.
1253 2971 1287 3027 lit
1305 2974 1403 3028 merito
1417 2973 1581 3038 continetur,
1602 2973 1648 3042 qui
1664 2972 1707 3028 rel
1730 2987 1780 3042 pro

144 3077 204 3116 run
228 3077 341 3132 genera,
356 3080 416 3135 quse
434 3072 525 3121 tamen
541 3067 610 3121 oltra
635 3074 757 3123 naturam
779 3084 855 3125 snam
870 3069 941 3127 latici
991 3073 1068 3136 parte
1083 3064 1250 3121 necessarius
1262 3079 1322 3119 esse
1334 3064 1516 3133 cognoscitur.
1534 3055 1600 3119 llulc
1618 3071 1706 3119 tamen
1722 3078 1779 3118 rne-

146 3155 316 3223 proceritate
328 3154 473 3213 luxuriant.
497 3157 565 3213 Sunt
586 3167 615 3214 et
628 3159 681 3214 alia
704 3159 783 3229 hujus
795 3160 861 3216 artis
875 3161 941 3217 intll-
956 3185 978 3249 c
993 3157 1121 3212 ebanicus
1134 3155 1244 3211 omnino
1252 3153 1404 3226 jungendus
1417 3162 1468 3220 est,
1484 3161 1512 3208 ut
1525 3152 1619 3218 undas.
1640 3167 1707 3223 quas
1730 3153 1781 3208 iste

144 3246 196 3312 nia,
211 3261 276 3301 curn
288 3255 371 3302 nocte
385 3247 545 3303 adveniente
566 3249 627 3303 lana
644 3250 716 3305 sicca
730 3250 871 3306 interram
890 3266 941 3322 po-
993 3248 1104 3317 reperit,
1119 3247 1165 3302 ille
1187 3247 1272 3312 leret;
1288 3253 1317 3301 et
1328 3253 1387 3301 arte
1398 3246 1488 3302 subire
1498 3243 1670 3316 laclat,quud
1684 3259 1780 3300 ascen·

144 3336 217 3390 nitor
225 3338 283 3406 lam
299 3337 445 3407 prouisam,
457 3347 484 3396 et
494 3338 552 3394 rudi
568 3339 667 3395 cacabo
680 3347 750 3396 tecta
764 3340 938 3410 relinquitur:
992 3339 1057 3395 dere
1078 3353 1133 3395 non
1156 3339 1285 3409 praevalet
1306 3353 1355 3405 per
1373 3345 1507 3393 naturam.
1525 3335 1662 3392 llabcatur
1675 3350 1740 3407 ergo
1753 3344 1782 3393 et

144 3427 248 3483 tuncsi
265 3441 342 3497 aqua·
356 3429 513 3498 proximitas
526 3431 657 3499 arriserit,
671 3445 750 3486 mane
771 3430 880 3486 humida
892 3446 939 3487 rc·
991 3429 1044 3486 ista
1058 3431 1128 3485 inter
1140 3429 1303 3497 reliquarum
1317 3425 1414 3482 artidm
1428 3426 1626 3495 magistroque
1639 3424 1783 3495 quiddesi·

145 3520 259 3589 peritur.
275 3518 340 3574 Sole
350 3529 439 3575 autem
450 3520 588 3577 declarato
602 3521 741 3577 intuentur
754 3522 836 3577 etlam
852 3522 938 3591 magi·
991 3519 1111 3577 derablle
1131 3527 1240 3588 putetur
1250 3517 1342 3581 luisse,
1357 3516 1429 3587 quod
1443 3518 1493 3573 sub
1504 3517 1646 3574 nobisnon
1661 3517 1781 3587 potuerit

145 3611 194 3665 stri
207 3610 270 3666 loen
290 3610 407 3679 solliciti,
422 3618 450 3667 et
463 3612 507 3667 ubi
530 3625 611 3682 supra
625 3620 722 3666 terram
742 3612 938 3668 minmlssima·
993 3612 1115 3668 Romana
1133 3610 1227 3667 civius
1240 3610 1390 3667 continere.

181 3769 352 3828 ·Etcoutra
373 3769 552 3827 dominatrice
564 3773 727 3828 censitorum
746 3770 937 3841 iunguntur,l,
1029 3768 1084 3825 ⁰ld
1098 3777 1148 3835 cst,
1164 3784 1246 3840 nqttos
1264 3769 1397 3839 llumters
1413 3763 1699 3841 impeperator.
1716 3766 1781 3834 ubl,

146 3838 190 3904 δι),
205 3856 283 3909 ergo,
299 3841 410 3908 alluvio,
423 3839 463 3923 be
476 3855 535 3911 aeq.
551 3842 624 3897 dom.
640 3841 760 3923 Forsan.
857 3910 864 3924 ι

183 3910 197 3948 b
211 3908 369 3982 legendum
383 3911 542 3983 aquilegem.
557 3910 695 3966 Vocantur
708 3925 779 3966 enim
803 3910 940 3993 equaleges

145 3978 501 4121 {sgi'ticcaslgitiinqm'
516 3980 564 4038 lib.
576 3997 613 4048 ur,
625 3995 688 4051 cap.
699 3978 748 4048 lb,
763 3994 779 4035 a
793 3978 881 4037 lem
891 3980 939 4036 bb.

990 3841 1205 3978 nangiesirpure
1217 3924 1293 3978 aquae
1303 3907 1455 3964 Victruvlos
1467 3908 1513 3963 lib.
1529 3922 1584 3972 rrtr,
1598 3920 1659 3976 cap.
1674 3904 1688 3960 l
1705 3924 1712 3960 ε
1726 3920 1782 3977 quo

990 3979 1018 4035 in
1033 3978 1091 4044 lib,
1108 3987 1136 4034 et
1149 3976 1252 4034 Seneca
1275 3977 1322 4033 lib.
1347 3993 1374 4031 ru
1394 3976 1487 4033 Natur.
1503 3986 1621 4048 quaest,
1645 3976 1729 4031 multa
1748 3975 1783 4030 de

992 4049 1145 4120 aquisque
1153 4063 1224 4104 nuno
1233 4048 1352 4119 prudens
1362 4047 1653 4119 omitto,disputantur.
1661 4044 1782 4102 donnas.

1461 4190 1771 4208 ...ιιι-ιι*

720 4308 892 4395 ursan
929 4311 1232 4423 conanus.

895 4486 1042 4504 *-

363 4574 726 4648 ggemsrouurnutn.

147 4682 347 4724 renumeratos
373 4668 449 4741 [mss.
472 4667 732 4741 cannamomum
753 4684 940 4727 rnomaunmr

416 4754 598 4794 rnsooonrcus
612 4755 675 4794 ner.

147 4828 202 4884 Dat
215 4832 254 4885 illi
274 4830 303 4884 in
317 4831 510 4885 matrimonium
522 4834 623 4901 neptem
637 4846 720 4893 ruam,
734 4847 790 4914 qum
802 4831 941 4914 laudatum

184 4911 208 4954 et
221 4901 356 4954 renuntiet
369 4916 397 4954 se
409 4915 498 4983 equos,
520 4915 628 4971 qnorum
641 4900 804 4984 pulchritudo
817 4899 942 4983 desenin-

185 4981 234 5034 ιιι,
256 4985 305 5024 nec
326 4986 380 5024 non
393 4980 419 5023 et
439 4969 493 5024 ntra
512 4985 621 5025 munna
634 4968 667 5023 oi
689 4987 720 5025 eo
738 4987 819 5025 mirso
833 4971 942 5026 libenter

184 5057 376 5187 ζοιεῖςέῃιοε
400 5146 448 5187 ros
481 5131 580 5187 nostris
603 5144 749 5200 aggregare
775 5128 943 5200 parentibus,

146 5226 239 5295 neptis
253 5222 333 5296 [Ar.,
347 5219 467 5292 neptem]
481 5221 566 5277 cbaro
577 5221 817 5291 pignori,propitia
827 5217 943 5287 lleitnte,

145 5318 301 5381 sucinorum
324 5321 355 5368 ut
373 5312 419 5382 qul
441 5312 476 5368 de
489 5313 562 5381 regia
586 5314 670 5382 stirpe
682 5310 855 5377 descenditis,
873 5325 945 5367 nunc

186 5489 312 5548 ·Uvoris
335 5487 422 5553 dotes,
441 5486 576 5552 doctrino,
601 5500 700 5552 mores,
726 5485 823 5554 lurrna,
845 5500 938 5555 genus,

146 5561 282 5629 digamam
313 5559 360 5615 sed
384 5557 532 5628 principem
554 5556 642 5613 lucum
667 5556 813 5613 eruditioni
836 5556 939 5610 tribuit.

147 5631 283 5687 Solebam
297 5637 388 5683 autem
400 5635 508 5681 veteres
529 5625 632 5696 puellas
646 5627 774 5682 erudire:
790 5623 882 5681 Lirius
893 5625 938 5682 lib.

150 5716 190 5759 ιιι.
214 5701 248 5755 de
261 5698 396 5767 Virginis,
411 5694 481 5751 Plin.
496 5694 541 5751 lib.
561 5711 580 5761 ι.
604 5698 681 5767 epist.
699 5697 748 5763 t7;
772 5695 871 5751 Athen.
894 5693 939 5748 lib.

150 5786 216 5836 xlm
233 5768 357 5834 Luciam..
369 5775 428 5842 ntpi
442 5775 491 5822 τῶν
503 5767 545 5822 let
555 5770 636 5846 μισθῷ
651 5770 786 5825 curiatius.
803 5763 940 5821 Plutarch.

952 4578 1074 4642 [tetiam
1088 4575 1195 4646 longius
1218 4573 1341 4631 claritate
1355 4570 1504 4643 imperialis
1524 4568 1662 4639 sanguinis
1682 4566 1782 4638 lulgea-

994 4670 1040 4726 tis.
1062 4668 1191 4724 liittlmus
1204 4666 1239 4721 ad
1259 4672 1445 4722 rosornatum
1467 4662 1561 4720 aulice
1583 4662 1690 4727 domus,
1715 4675 1784 4730 aug·

994 4768 1086 4815 menta
1106 4758 1222 4828 generis,
1245 4755 1342 4812 solatia
1367 4755 1452 4811 lldclls
1472 4752 1592 4816 consilii,
1616 4752 1784 4841 dnlcedinem

993 4851 1178 4908 suavissimam
1204 4835 1390 4918 conjugalem
1412 4860 1473 4918 qurc
1495 4853 1524 4901 et
1544 4844 1710 4899 dominatum
1722 4838 1784 4907 lure

994 4941 1134 4999 nobiscum
1148 4941 1269 5013 impleat,
1284 4949 1312 4996 et
1325 4939 1462 4995 nationem
1483 4947 1600 4992 vestram
1615 4934 1726 4989 meliore
1740 4932 1783 4986 in·

995 5036 1136 5091 stitutione
1149 5041 1305 5105 componat.
1328 5031 1442 5087 ilabeblt
1462 5030 1523 5083 lclix
1541 5026 1696 5094 Thuringia,
1710 5021 1783 5093 quod

993 5125 1105 5180 nutrivit
1118 5122 1193 5179 ltalia
1205 5123 1301 5179 litteris
1320 5122 1429 5178 doctam
1445 5131 1468 5186 ¹,
1494 5119 1615 5174 moribus
1639 5109 1783 5183 eruditam,

993 5217 1121 5274 decorant
1146 5230 1200 5272 non
1224 5215 1313 5271 sulum
1335 5225 1443 5281 genere,
1468 5216 1598 5278 quantum
1619 5215 1647 5260 et
1668 5202 1783 5258 leminea

993 5308 1138 5377 digrritate;
1154 5315 1183 5360 ut
1194 5320 1248 5361 non
1260 5304 1348 5359 minus
1360 5303 1446 5374 patria
1459 5306 1546 5355 restra
1558 5297 1634 5352 istius
1646 5293 1786 5365 splendeat

1263 5487 1294 5538 ‘s-
1302 5477 1406 5535 Galloni
1422 5479 1486 5547 imp.
1501 5486 1622 5550 tempore
1641 5473 1736 5547 puelle
1755 5482 1785 5532 el

994 5479 1242 5618 finitissimiaioiiniyp
1261 5548 1376 5631 uosnppi
1400 5547 1519 5629 sellulam
1535 5546 1683 5630 disciplinae
1703 5560 1786 5626 causa

993 5622 1200 5693 frequentabant
1219 5635 1226 5671 ε
1247 5619 1324 5686 colus
1348 5625 1460 5674 rostttutr
1483 5623 1664 5673 memmerunt
1683 5614 1782 5671 latran.

994 5694 1041 5749 lib.
1057 5705 1093 5744 rr.
1109 5689 1157 5746 llbi
1171 5687 1351 5758 pupiledue,
1361 5685 1490 5743 Gordian.
1505 5688 1551 5743 lib.
1565 5703 1610 5754 rr,
1622 5686 1644 5740 si
1660 5694 1785 5757 paterno,

993 5779 1020 5821 c.
1035 5761 1137 5834 deneg.
1154 5769 1219 5832 qest.
1239 5753 1323 5814 Fons.
