4059 6184
194 352 250 412 325

774 362 961 422 JUSlelle
974 366 1044 423 tur.
1067 368 1245 427 uersuum.

1741 382 1833 448 ‘sat

226 465 413 537 ’Δποδιίξαντες
440 472 467 531 δί
500 474 539 533 ότι
563 479 589 532 ίν
619 486 676 540 τοῖς
693 479 862 555 ,προλαόοῦσι
885 480 1026 556 χρόνοιςΑ
1077 485 1144 541 Cum
1158 498 1249 543 autem
1259 489 1461 551 ostenderimus
1475 494 1557 554 tuisse
1569 499 1713 570 praeteritis
1727 511 1772 559 teu
1783 521 1834 576 po-

191 563 288 641 repieta
299 567 371 640 παρὰ
382 572 432 622 τῶν
446 566 525 640 όιγίων
538 572 658 646 πατέρων
673 580 770 648 χρῆναι
783 576 827 628 καί
835 575 901 646 perri
910 573 990 631 θοίνα·

191 679 235 713 τον
245 659 467 730 ἆναόιματίζισθαι
479 664 538 722 τοὺς
558 660 607 718 εἴτι
622 666 660 724 τίς
671 668 773 735 πίστιν,
786 662 836 722 ιίτι
856 668 891 728 τίς
913 666 990 723 κανό·

190 771 236 810 νοις
249 749 464 821 ἁμαρτήσαντας,
480 753 617 824 ἀναγκαῖον
631 750 692 809 ιίναι
705 753 850 827 συνιίδομιν
864 758 907 812 καί
919 760 952 814 τοί
965 760 989 813 ἰν

190 851 243 901 τοῖς
263 842 393 917 ἡμετέροις
408 843 513 918 χρόνοις
527 843 648 917 γενόμενα
669 851 737 902 πᾶσι
751 844 814 905 δῆλα
827 856 989 908 καταστῆσαι

189 932 256 1006 πρός
270 935 397 1010 ἀναίρεσιν
410 936 496 996 πὰσης
509 937 624 1011 ἀφορμῆς
635 945 684 991 τῶν
698 941 758 999 τοὺς
771 948 906 1014 προφανεῐς
919 941 989 1014 αίρε·

188 1026 287 1086 τικούς,
297 1027 338 1079 καί
349 1030 395 1084 τὴν
404 1028 502 1082 τούτων
513 1026 635 1081 deiferae
647 1026 820 1083 ίκδικσιίντων.
834 1031 986 1103 Λαυρέντου

188 1118 258 1191 γάρ,
280 1117 321 1171 καί
335 1118 482 1193 Διόσκορον,
503 1121 564 1179 τοῦς
579 1120 603 1172 ἐν
616 1118 743 1196 διαφόροις
756 1120 861 1195 χρόνοις
877 1128 921 1183 την
938 1130 985 1178 τοῦ

187 1205 357 1263 νἰποστολικοῦ
370 1208 460 1284 θρόνου
476 1212 615 1284 ἱερωσύνην
628 1210 845 1286 ύφαρπιίσαντας,
861 1218 883 1270 τί
896 1219 937 1270 καί
949 1222 984 1287 μή

186 1297 225 1354 οἷς
245 1299 333 1351 πίστιν
352 1300 480 1373 ἥμαρτον,
502 1301 556 1355 ἀλλ’
576 1296 619 1355 οὗν
639 1300 726 1362 ίπιιδό,
749 1304 814 1359 κατὰ
830 1304 984 1383 περιδρομὴν

187 1385 355 1443 evanidam
367 1397 414 1451 τῆς
429 1392 570 1453 ἐπισκοπῆς
583 1392 762 1459 ίπιλαόίσθαι,
776 1397 841 1463 μττοί
852 1396 956 1452 θάνατον
969 1396 983 1452 ό

187 1477 356 1540 ἀποστολικός
367 1479 453 1555 θρόνος
468 1484 602 1555 κατέκρινε,
616 1484 659 1537 καί
671 1483 855 1550 ἀνεθεμάτισαν.

1043 576 1117 632 ribus
1131 592 1147 633 a
1161 581 1262 635 sanctis
1276 579 1402 639 Ecclesiru
1413 584 1537 644 Patribus
1548 590 1607 660 lege
1617 594 1761 666 sancitum,
1772 606 1835 668 post

1043 680 1158 727 mortem
1173 673 1265 739 etiam,
1286 690 1334 732 eos
1347 678 1392 747 qui
1406 679 1450 734 vel
1464 690 1560 737 contra
1579 684 1668 751 fldem,
1684 688 1728 743 vel
1741 688 1838 748 adrer-

1042 754 1219 819 susucctcstac
1227 778 1347 821 canoms
1357 770 1515 838 erraverint,
1523 774 1742 834 anathematizari
1752 794 1835 851 opor·

1043 860 1120 909 tere:
1140 856 1323 912 necessarium
1338 861 1440 929 pariter
1453 877 1512 919 esse
1526 868 1702 937 prospicimus
1716 884 1748 925 ea
1762 886 1834 941 quo-

1041 955 1095 1011 que
1109 959 1168 1013 quae
1182 955 1274 1002 nostra
1296 948 1348 1004 bac
1369 958 1450 1006 aetate
1466 950 1538 1008 tacta
1563 963 1627 1010 sunt
1639 958 1764 1015 omnibus
1778 976 1833 1015 rua-

1037 1033 1136 1088 nitesta
1159 1036 1335 1103 constituere,
1361 1046 1392 1093 ut
1413 1040 1500 1096 omnis
1514 1042 1625 1099 tollatur
1638 1046 1829 1113 contradictio,

1037 1139 1097 1194 quic
1110 1140 1125 1180 a
1140 1125 1314 1196 profanorum
1329 1129 1528 1199 haereticorum,
1543 1134 1719 1206 ipsorumque
1733 1138 1831 1208 impie·

1038 1215 1101 1270 tatis
1120 1215 1368 1285 patrocinatoribus
1392 1221 1478 1289 possit
1503 1222 1628 1279 excitari.
1655 1224 1830 1284 Laurentium

1037 1316 1155 1373 namque
1174 1311 1202 1358 et
1217 1303 1384 1375 blascorum,
1396 1309 1442 1378 qui
1457 1309 1569 1367 diversis
1583 1314 1749 1384 temporibus
1759 1332 1829 1388 apo·
1906 1356 1912 1375 .

1036 1393 1124 1450 stolici
1144 1395 1234 1450 tlrroui
1258 1397 1429 1454 sanctitatem
1453 1401 1652 1471 subripuerant,
1676 1421 1829 1477 quanquam

1035 1484 1103 1539 nibil
1116 1482 1144 1539 in
1159 1482 1212 1541 lide
1222 1496 1389 1557 peccassent,
1402 1489 1438 1545 ob
1452 1490 1568 1561 idipsum
1578 1500 1682 1563 mineo,
1693 1498 1765 1566 quod
1778 1516 1828 1570 per

1036 1577 1164 1645 ambages
1176 1577 1361 1651 episcopatum
1376 1582 1513 1652 suscipere
1527 1586 1619 1641 conati
1633 1585 1755 1655 tueraut,
1775 1591 1829 1648 rita

186 1654 241 1724 iam
257 1654 362 1713 iunctos
376 1660 524 1730 apostolica
534 1661 664 1731 judicarit
677 1666 767 1734 sedes,
782 1675 863 1737 atque
877 1669 1067 1726 condemnavit

223 1750 370 1810 Ἑταδηδί
393 1757 533 1812 καὶτοῦτο
564 1765 618 1817 τοῖς
649 1760 782 1835 ίμιτίροις
810 1763 1022 1836 sperauerant}
1072 1759 1172 1816 Verum
1183 1776 1244 1817 curn
1263 1762 1291 1816 in
1307 1764 1404 1820 vestris
1417 1765 1514 1823 litteris
1529 1767 1556 1823 id
1566 1770 1648 1826 etiarn
1658 1771 1828 1842 adieceritis:

184 1842 349 1917 γράμμασιν,
365 1842 405 1902 ότι
422 1842 464 1901 ίοίν
484 1870 521 1909 τις
541 1851 585 1904 τόν
598 1851 769 1926 αίρισιόρχην
791 1854 982 1927 ἁναόεμοιτίσμ,

185 1939 229 1991 καί
244 1933 302 2011 ιίπη
311 1941 477 2015 κατακρίνων,
491 1945 532 1997 καί
544 1945 603 2003 τοὺς
612 1946 645 2000 τοί
655 1943 730 2016 ὅμοια
740 1953 889 2018 φρονοῦντας
903 1950 982 2019 αὐτῷ,

184 2031 424 2105 συμπιριλαμόοίνει
441 2035 538 2096 πάντας
552 2038 612 2096 τοὺς
629 2034 670 2093 ὅτε
684 2035 777 2096 dirrare
795 2044 878 2095 ταῦτα
895 2044 983 2116 φρονί-

186 2136 295 2181 σαντας’
306 2124 349 2176 καί
363 2119 405 2178 διὰ
420 2130 495 2178 τοῦτο
509 2123 596 2184 ἐπειδὴ
611 2127 707 2181 Παῦλον
718 2128 760 2182 τόν
773 2130 984 2200 Σαμοσατία,καί

185 2216 289 2279 edatius,
302 2216 345 2269 καί
358 2215 484 2279 liboeum,
499 2221 541 2271 καί
561 2219 696 2295 Νιστόμιον
708 2222 920 2292 ἀναθεματίζττι,
936 2225 982 2279 οὐκ

185 2305 293 2377 όφιίλιτι
306 2310 348 2360 καί
359 2306 490 2382 Θεόδωρον
507 2310 550 2364 τόν
562 2312 596 2366 τὰ
618 2308 693 2381 ὅμοια
711 2313 810 2373 ι’κείνοις
822 2317 982 2389 φρονήσαντα

185 2396 306 2466 ι’,νομαστί
337 2399 534 2471 ἆναθιματίσαι.
565 2404 705 2456 Γινώσκετε
739 2399 779 2458 ότι
810 2410 912 2478 πρῶτον
935 2408 982 2474 μίν

184 2487 271 2542 belsa
293 2486 360 2561 δίχα
381 2490 501 2562 ὀνόματος
523 2492 750 2563 ἁναθιματίζονται
768 2494 872 2551 οἱκατὰ
886 2495 981 2555 πλάνην

185 2578 401 2642 ἀκολουθήσαντες
423 2589 479 2643 τοῖς
498 2582 699 2660 αίρισιοίρχατ,
723 2585 753 2638 οὐ
773 2588 822 2652 μήν
846 2586 869 2638 οί
890 2582 980 2645 ἄλλους

184 2669 362 2732 δαπανήσαντες
386 2673 451 2732 Τοὺς
464 2674 512 2749 γὰρ
531 2677 666 2748 ἀρχηγοὺς
681 2682 731 2729 τῶν
743 2674 862 2751 αἱρέσεων
874 2680 915 2731 καί
926 2678 980 2731 ὀιο-

184 2765 264 2831 μαστὶ
277 2762 293 2819 τό
307 2762 426 2821 ἐκκλησία
437 2769 482 2818 τοῦ
494 2771 559 2820 Θεοῦ
572 2766 756 2834 ιἰναίτματίζιι·
771 2763 901 2836 Θεόδωρος
915 2764 939 2820 δὲ
951 2769 980 2819 οὐ

184 2853 257 2924 μόνον
267 2850 418 2916 διδάσκαλος
429 2851 459 2914 τίν
471 2864 517 2916 τῆς
531 2860 667 2932 Νεστορίου
682 2856 846 2918 taceremne.
859 2856 921 2911 ἀλλὰ
935 2863 978 2913 καί

184 2950 291 3012 πολλοὺς
301 2948 342 3006 διὰ
356 2959 406 3007 τῶν
418 2951 518 3005 &cedda
529 2954 605 3006 atrae
616 2950 826 3026 συγγραμμάτων
837 2952 977 3011 ἠπάτησεν.
988 2987 993 2999 «

181 3034 283 3119 Ὠσπερ
301 3044 350 3121 γὰρ
365 3043 388 3097 ui
401 3046 468 3120 ὀρθοί
480 3053 526 3104 τῆς
545 3044 682 3104 ἐκκλησίας
702 3042 848 3100 διδάσκαλοι
867 3043 908 3100 διὰ
927 3053 977 3100 τῶν

1035 1854 1133 1926 siquis
1154 1854 1310 1911 haereticum
1334 1858 1614 1930 anathematizaverit,
1639 1873 1668 1920 et
1690 1867 1719 1922 in
1739 1868 1827 1941 ipsum

1034 1947 1198 2002 sententiam
1209 1947 1308 2011 tereus,
1323 1965 1411 2005 omues
1422 1967 1522 2025 φνοφνι
1535 1968 1593 2008 cum
1606 1955 1663 2024 ίμιο
1676 1961 1826 2028 sentientes,

1035 2035 1199 2107 adjunxerit,
1217 2052 1279 2093 eum
1303 2038 1363 2094 illos
1381 2053 1476 2097 omnes
1489 2043 1644 2113 complecti,
1665 2047 1711 2117 qui
1732 2050 1827 2120 quavis

1033 2129 1140 2185 ratione
1159 2128 1186 2185 id
1209 2129 1297 2199 ipsum
1311 2130 1383 2199 quod
1396 2131 1540 2188 damnatur
1562 2135 1757 2203 probaverintt
1772 2139 1826 2194 ita·

1033 2235 1087 2291 que
1108 2235 1170 2275 cum
1196 2217 1309 2275 Paulum
1331 2219 1560 2289 samosatensem,
1585 2231 1614 2279 et
1636 2222 1771 2293 Photium,
1796 2236 1825 2283 et

1033 2311 1198 2378 Nestorium,
1224 2318 1252 2365 et
1272 2309 1409 2366 Bonosum
1433 2312 1686 2380 condemnaveritis,
1713 2315 1825 2372 minime

1034 2417 1101 2475 opus
1123 2416 1184 2456 csse
1205 2409 1235 2456 ut
1254 2398 1428 2456 Theodorum
1442 2417 1550 2472 quoque
1566 2403 1663 2459 eadem
1681 2420 1742 2461 cum
1756 2406 1822 2478 ipsis

1031 2494 1194 2553 sentientem
1207 2492 1366 2548 nominatim
1392 2491 1598 2550 condemnetis:
1621 2495 1718 2552 scitote
1736 2497 1824 2567 primo

1032 2587 1141 2658 quidem
1155 2586 1216 2642 illos
1230 2600 1375 2657 suppresso
1390 2587 1499 2641 nomine
1522 2586 1752 2655 anathematizari,
1777 2590 1824 2659 oui

1032 2677 1165 2733 haeresum
1176 2683 1301 2733 auctores
1314 2681 1376 2730 sunt
1389 2675 1417 2730 iu
1428 2690 1522 2731 errore
1535 2675 1632 2744 secuti,
1648 2685 1762 2733 eeteros
1776 2693 1823 2732 au·

1032 2777 1085 2822 tem
1100 2764 1211 2820 mirrime
1229 2764 1403 2836 deceperunt.
1420 2763 1532 2821 atvero
1551 2765 1683 2822 haeresum
1700 2766 1783 2824 duces
1796 2776 1822 2823 et

1032 2856 1174 2926 aragistros
1188 2853 1308 2911 Ecclesia
1322 2854 1483 2910 nominatim
1497 2856 1716 2912 anathematizat.
1733 2855 1822 2915 Theo·

1030 2949 1114 3004 dorus
1127 2962 1208 3017 porro
1223 2961 1277 3001 non
1291 2943 1373 3002 modo
1387 2943 1503 3002 Nestorii
1512 2947 1641 3016 magister
1653 2948 1766 3015 exstitit,
1776 2963 1821 3004 rc·

1031 3060 1090 3099 rum
1104 3044 1187 3098 etiam
1202 3040 1294 3111 impiis
1309 3041 1417 3110 scriptis
1431 3041 1487 3095 suis
1501 3040 1650 3110 permultos
1670 3038 1775 3095 induxit
1794 3039 1821 3095 in

178 3135 278 3187 οἰκείων
293 3134 412 3189 ἐκθέσεων
424 3137 596 3208 γνωρίζονται,
612 3137 653 3188 καί
668 3135 840 3196 ίπαινοῡνται,
855 3134 922 3189 οὕτω
937 3136 1014 3201 ratic
1031 3148 1161 3190 errorem.
1186 3131 1292 3189 Etenim
1311 3130 1538 3201 quemadmodum
1551 3130 1617 3185 recti
1632 3128 1760 3186 Ecclesia
1772 3129 1821 3186 do·

177 3224 208 3278 ίκ
230 3228 275 3277 τοῦ
293 3224 404 3278 ἐναντίου
425 3226 519 3284 τίνας
539 3224 562 3277 oi
584 3232 629 3284 τῆς
643 3222 790 3288 κακοδοξίας
802 3226 916 3300 ἀρχηγοὶ
936 3222 978 3280 διὰ
1031 3235 1120 3282 ctores
1134 3238 1169 3279 cx
1185 3221 1301 3295 propriis
1318 3222 1447 3278 doctrinis
1461 3228 1644 3290 agnoscuntur
1658 3229 1740 3290 atque
1755 3235 1820 3291 pro·

176 3322 232 3368 τῶν
248 3312 317 3369 ἰδίων
330 3316 431 3371 doceor
445 3317 652 3389 συγγραμμάτων
665 3315 830 3389 ἐλέγχονται,
851 3319 894 3370 καί
916 3316 976 3373 ἀνα·
1030 3324 1091 3386 ptcr
1104 3315 1176 3385 ipsas
1189 3313 1427 3379 commendantur,
1443 3312 1480 3367 ita
1494 3319 1615 3378 econtra,
1632 3326 1820 3382 perversarum

177 3403 370 3475 θεματίζονται,
384 3405 478 3464 Ὀπότι
496 3411 579 3465 τοίνυν
602 3407 733 3485 Θεόδωρος
747 3414 789 3465 καί
806 3411 976 3488 αἷρεσιόιρχης

180 3499 280 3569 γίγοκι,
302 3503 342 3553 καὶ
364 3501 549 3575 ἀναριθμήτους
572 3501 734 3573 βλασφημίας
757 3504 783 3557 ίν
802 3510 859 3563 τοῖς
876 3507 976 3567 οίκιίοις

178 3587 289 3657 estuare
304 3588 434 3661 ίξήμισιν,
448 3590 565 3663 οὐδεμίαν
578 3590 654 3664 ἔχετο
669 3591 768 3648 δικαίαν
790 3596 900 3672 ἀφορμήν
911 3598 976 3671 πρός

178 3679 211 3734 τό
223 3683 431 3755 παραιτήσασθαι
441 3683 483 3738 τὸν
495 3683 551 3739 κατ’
565 3683 642 3738 αὐτοῦ
656 3684 866 3756 ἀναθεματισμόν.

215 3956 274 4030 Περί
288 3952 315 4010 di
326 3962 373 4015 τῆς
386 3954 506 4016 ametor
518 3963 565 4015 τῆς
577 3956 707 4021 πίστιος,
722 3956 753 4015 ἣν
766 3962 819 4016 τοῖς
840 3957 973 4031 ιλμιτίροιτ

179 4050 327 4121 γράμμασιν
348 4047 490 4113 ἐνιθόκαττ,
506 4048 528 4101 τί
549 4046 684 4104 καὶπολλὰ
696 4045 973 4123 ιίχσμινμίμψασθαι,

178 4139 232 4193 ἀλλ’
246 4134 290 4193 οὗν
302 4137 372 4202 ὅπως
389 4138 432 4196 dmi
450 4147 496 4200 τήν
510 4141 635 4217 ὐμιτίραν
652 4138 752 4215 ἄγνοιαν
775 4144 818 4197 καί
843 4140 973 4200 ἁπλότητα

178 4236 257 4287 τοῦτο
279 4232 442 4307 παραλείπειν
463 4234 527 4295 τίως
550 4231 600 4288 dvis
620 4232 783 4304 ίνομίσαμιν,
803 4231 829 4288 ι’ν
845 4254 900 4289 τισι
920 4236 972 4308 γὰρ

176 4326 327 4397 ἄνστφαλῶτ
339 4327 479 4401 ι’γρνίψατι.
499 4324 542 4382 Ἐν
561 4349 614 4385 τισι
632 4329 731 4406 ρ’όματα
748 4328 886 4397 τιθιίκατι,
908 4327 973 4402 μηδί

177 4422 235 4477 ταῖς
247 4416 324 4477 θιίαις
336 4425 463 4493 γραφαῖς,
485 4416 547 4493 psit
561 4427 615 4480 τοῖς
632 4422 713 4493 ἁγίοις
732 4422 861 4493 πατράσιν
875 4421 971 4494 ίγνιισ·

174 4509 251 4576 μόνα·
265 4515 289 4562 ἰν
301 4505 385 4571 ἰλλοις
405 4508 431 4565 δί
445 4512 505 4572 τοὺς
522 4509 688 4572 διδασκάλους
702 4518 748 4572 τός
766 4512 897 4575 ίκκλησίας
912 4511 971 4583 τόγι

1031 3408 1225 3463 sententiarum
1250 3414 1374 3462 auctores
1389 3421 1422 3462 ex
1438 3406 1554 3476 propriis
1577 3406 1696 3477 ipsorum
1722 3406 1820 3464 litteris

1029 3498 1226 3570 redarguuntur
1247 3506 1328 3566 atque
1350 3498 1619 3553 anathematizantur.
1649 3498 1717 3554 Cum
1738 3499 1819 3569 igitur

1031 3590 1190 3646 Theodorus
1213 3598 1240 3644 et
1254 3589 1447 3644 heresiarches
1468 3589 1603 3644 exstiterit
1617 3598 1645 3645 ct
1664 3591 1819 3646 innumeras

1028 3698 1112 3753 prope
1125 3680 1304 3751 blasphemias
1317 3680 1344 3735 in
1356 3680 1412 3735 suis
1428 3678 1503 3734 libris
1517 3678 1669 3749 protulerit,
1690 3679 1757 3735 nibil
1770 3694 1818 3736 νο·

1028 3775 1069 3831 bis
1089 3766 1213 3846 superest
1227 3788 1314 3830 causae
1334 3787 1382 3828 cur
1404 3771 1549 3828 anathema
1567 3771 1595 3827 in
1619 3770 1706 3843 ipsum
1727 3771 1818 3829 dicere

1026 3865 1193 3924 detrectetis.

1062 3956 1141 4013 Circa
1156 3956 1217 4012 itdei
1231 3971 1296 4011 vero
1312 3953 1519 4026 expositionem,
1534 3970 1615 4024 quarn
1635 3955 1732 4013 restris
1745 3956 1817 4013 litte·

1026 4048 1063 4104 ris
1077 4048 1244 4116 inseruistis,
1263 4045 1314 4102 etsi
1338 4046 1422 4101 multa
1436 4047 1491 4101 sint
1512 4045 1547 4102 de
1565 4046 1663 4116 quibus
1676 4047 1755 4104 nobis
1769 4063 1817 4104 vo·

1025 4139 1129 4196 biscurn
1142 4144 1214 4194 esset
1226 4137 1457 4207 conquerendum,
1484 4135 1568 4192 nihilo
1583 4144 1673 4193 taruen
1686 4136 1775 4194 rninus
1790 4137 1816 4193 id

1026 4236 1114 4284 totum
1143 4225 1302 4296 ignorantiae
1320 4224 1539 4295 simplicitatique
1565 4223 1712 4282 condonari
1735 4241 1816 4297 opor

1026 4326 1085 4375 tere
1096 4317 1316 4374 existimavimus.
1336 4315 1441 4371 Alicubi
1455 4331 1572 4388 namque
1587 4324 1693 4373 versate
1705 4318 1815 4387 scripsi-

1024 4413 1084 4478 utis‚
1097 4410 1195 4467 alicubi
1209 4411 1300 4467 verbis
1314 4409 1354 4464 usi
1367 4409 1443 4473 estis,
1458 4424 1545 4480 neque
1561 4409 1587 4464 in
1601 4410 1687 4466 sacris
1706 4409 1814 4479 litteris,

1026 4517 1115 4573 neque
1128 4516 1144 4556 a
1158 4501 1258 4559 sanctis
1271 4498 1400 4555 Ecclesia
1413 4498 1534 4553 Patribus
1544 4511 1661 4567 unquam
1672 4498 1813 4567 adhibitis;

176 4598 360 4672 teipitinae
373 4601 568 4659 νατιδικιίσατι.
582 4604 648 4677 Πρὸς
657 4601 757 4664 τούτοις
768 4602 795 4658 δὲ
808 4606 851 4658 καί
864 4621 921 4660 τινα
934 4608 971 4665 τίς
984 4616 1010 4677 1)
1022 4592 1086 4649 alibi
1101 4590 1229 4647 Ecclesia
1242 4589 1367 4645 doctores
1381 4590 1462 4659 ipsos,
1472 4587 1548 4658 juxta
1560 4588 1632 4659 quod
1642 4589 1718 4645 vobis
1728 4590 1814 4645 visunt

172 4697 221 4751 τίν
245 4691 373 4767 epitectus
398 4698 558 4750 συντείνοντα
587 4698 673 4749 πίστιν
694 4693 876 4769 repelet-perr.
898 4693 970 4751 'oen
1023 4692 1073 4750 cst,
1089 4681 1300 4749 condemnastis,
1316 4687 1398 4748 atque
1411 4678 1501 4735 adhuc
1515 4679 1657 4775 quemdam
1672 4680 1706 4737 ad
1720 4682 1813 4737 ortlro·

175 4789 232 4860 χρὴ
245 4783 314 4855 ὑμᾶς
331 4786 396 4840 κατὰ
412 4789 457 4843 τόν
481 4786 629 4858 παραίνεσιν
651 4790 701 4840 τῶν
724 4783 801 4856 όιγίων
824 4786 969 4861 πατέρωνῆ
1021 4776 1119 4852 (λοιμον
1134 4772 1214 4828 tidem
1229 4771 1340 4827 omnino
1359 4771 1539 4842 pertinentem
1560 4770 1667 4827 silettt'ro
1681 4771 1811 4841 urtuletii·

176 4880 344 4948 γινώσκοντας
365 4877 457 4943 ιαλιῑο,
476 4877 491 4939 ἦ
507 4878 660 4950 ἀγνοοῦντας
674 4882 785 4942 orares,
801 4882 843 4933 mi
856 4880 906 4935 ἀπὸ
920 4886 969 4934 rea
1020 4867 1079 4922 stis,
1100 4864 1272 4936 Quapropter
1282 4869 1390 4933 oportet
1411 4878 1466 4928 vos,
1489 4861 1566 4931 juxta
1580 4869 1737 4917 sanctorum
1756 4860 1810 4916 Pa·

174 4966 348 5025 ἐπισταμένων
362 4966 534 5023 dedicassem.
1020 4969 1091 5015 tum
1107 4956 1330 5028 admonitionem,
1346 4954 1388 5009 rct
1403 4954 1520 5009 scientes
1532 4953 1614 5024 loqui,
1630 4952 1673 5007 vel
1687 4951 1711 5006 si
1725 4950 1811 5022 ignari

271 5024 278 5036 ἡ
1020 5050 1099 5117 estis,
1128 5056 1234 5113 tacere,
1258 5054 1341 5117 atque
1369 5046 1403 5100 ab
1426 5045 1512 5100 doctis
1531 5052 1560 5100 ct
1581 5042 1728 5099 scientibus
1748 5058 1810 5100 eru·

1018 5138 1078 5194 diri.

209 5240 314 5304 Ἐτιιδη
335 5240 362 5298 δι’
384 5241 512 5318 ε’γριίρατι
533 5244 605 5311 ἡμῖν,
630 5248 685 5300 πῶς
706 5240 833 5312 ὁφοῦομτν
853 5248 906 5302 τοῖς
929 5240 968 5295 ai·
1053 5237 1113 5294 Jam
1126 5251 1192 5293 voro
1212 5251 1273 5291 cum
1288 5232 1464 5304 scripseritis,
1481 5226 1705 5328 queamdmodum
1722 5225 1810 5299 AEgy·

173 5336 292 5405 γυπτίοιτ
303 5335 495 5408 ἀποκρίνασθαι,
507 5331 667 5404 θαυμάζομεν
679 5331 759 5402 ὑμᾶς,
774 5328 814 5387 ότι
827 5336 872 5390 τήν
883 5333 966 5409 darie
1018 5327 1081 5398 ptiis
1104 5323 1269 5395 respondere
1292 5323 1448 5385 debeamus,
1472 5321 1602 5373 mirarnur
1614 5316 1735 5386 quidem,
1759 5333 1808 5418 vos

173 5426 309 5483 lateralia
323 5424 415 5481 ἐκείνην
432 5427 473 5477 καί
487 5420 630 5496 Θεόδωρον,
645 5423 689 5475 ναί
699 5420 849 5495 ascriptos,
866 5425 906 5474 καί
920 5427 964 5481 τήν
1017 5417 1122 5473 scilicet
1136 5417 1182 5487 qni
1197 5414 1307 5487 impiant
1318 5427 1377 5468 caru
1392 5409 1543 5483 epistolam,
1559 5408 1743 5478 Theodorum,
1757 5409 1809 5464 lte·

172 5513 320 5579 κακοδοξίαν
339 5520 383 5574 τήν
403 5514 486 5568 αὐτῶν
508 5510 676 5574 ἐκδικοῦντες,
690 5516 749 5582 ἡμῖν
768 5522 897 5587 παραινεῖν
910 5515 966 5567 ἑτι·
1015 5506 1138 5570 storiam,
1152 5516 1346 5574 perversasque
1357 5515 1450 5554 eorum
1463 5498 1611 5555 sententias
1623 5498 1807 5565 defenderitis,

173 5617 303 5681 χειρεῖτε,
327 5606 353 5660 τί
376 5604 503 5678 ὀφιίιομιν
530 5598 746 5663 illecebrosius
767 5610 813 5662 τῆς
835 5603 966 5665 ἐκκλησίας
1018 5607 1275 5651 nunccommonere
1295 5607 1345 5647 nos
1367 5591 1523 5657 instituisse,
1544 5590 1608 5662 quid
1627 5591 1663 5647 sit
1687 5591 1806 5693 anobis⁸

171 5696 366 5771 ὰτοκρίασθαι.
382 5696 409 5749 ut
423 5695 472 5769 γάρ
486 5713 525 5752 τις
539 5699 592 5751 τοῖς
604 5689 665 5763 παρ’
675 5693 746 5764 τίμιον
759 5700 879 5767 γραγιῑσι
892 5714 966 5748 σοα-
1018 5686 1077 5741 aliis
1099 5683 1223 5741 ecclesie
1239 5682 1361 5740 lrostibus
1384 5681 1612 5753 respondendum.
1633 5679 1807 5782 Siquidemsr

171 5786 238 5840 νίστι
258 5785 332 5859 (sic),
349 5783 421 5841 οὐδὲν
434 5785 518 5859 ἕτερον
535 5782 685 5859 παραινέσει
704 5791 758 5843 τοῖς
772 5781 966 5855 'sapuerim
1018 5793 1050 5834 ea
1073 5791 1132 5847 quae
1153 5776 1253 5846 scripta
1274 5790 1290 5829 a
1312 5773 1390 5830 vobis
1413 5782 1478 5831 sunt
1499 5773 1562 5844 quis
1584 5772 1806 5837 consideraverit,

174 5876 357 5953 Θιόόωρον-καὶ
372 5872 508 5953 Νιστόριον
531 5878 590 5937 τοὺς
607 5874 750 5951 αίριτικούς
773 5871 906 5945 δέξασθαι,
922 5877 966 5931 καί
1016 5870 1084 5935 nihil
1099 5869 1171 5928 uliud
1182 5866 1325 5943 AEgystios
1338 5869 1500 5941 hortabitur,
1514 5883 1597 5943 quatu
1612 5876 1643 5926 ut
1653 5867 1819 5926 Nestorium
