4059 6184
194 263 265 319 {titt
728 266 887 324 tttstotttn
905 269 1125 326 ‘rtttt‘tltttta
1147 270 1247 326 liniti
1266 273 1294 328 l'.
1767 276 1835 335 ibid

193 385 350 456 Scripturas
363 386 571 458 superinducere
599 386 626 442 in
648 387 829 443 ecclesiastiea
845 385 905 443 dde.
921 386 989 453 Quia
1006 398 1026 450 ,t
1042 394 1142 441 nautata
1158 396 1215 451 cst,
1232 388 1302 441 nibil
1314 388 1438 456 probibet
1452 389 1533 443 ctiam
1548 402 1621 447 nuno
1634 390 1713 446 anan
1733 391 1836 449 dictare

196 492 262 532 tero
273 477 355 546 atqui
370 478 396 531 in
409 477 527 535 concilio
540 477 608 532 alios
623 488 744 532 nostruin
767 477 871 546 injuriis
893 476 991 531 allece-
1045 476 1132 533 diioui.
1149 478 1187 531 dd
1203 479 1260 533 bac
1274 478 1395 535 betasius
1408 479 1497 550 Cyzici
1513 480 1659 536 ltacterba
1674 482 1833 551 respondit:

194 576 266 632 rant,
283 566 351 621 alios
372 567 445 635 loqui
467 567 671 636 prohibuerunt,
686 568 754 622 alios
767 568 936 623 recluserunt
950 568 992 622 iu»
1037 570 1164 624 dbeosens
1179 586 1220 624 cot
1231 569 1321 624 cilium
1333 570 1498 645 celebratum
1512 579 1565 636 eat,
1581 588 1634 629 tran
1650 581 1680 626 ut
1693 573 1834 628 anatliema

194 655 274 717 sitos,
291 663 320 710 et
332 655 473 711 dominatos
485 671 576 711 secum
600 673 634 712 cx
655 658 768 712 dirersis
781 659 927 729 prouinciis
943 660 992 713 ha·
1040 659 1128 715 discat
1150 674 1236 728 neone
1251 668 1280 713 ut
1302 658 1363 714 ituci
1377 661 1597 730 explanationem
1619 663 1760 731 suscipiat,
1777 671 1837 718 tat.-

194 743 332 812 lttterunt,
347 759 400 802 ace
414 761 468 801 non
482 755 509 801 et
523 763 572 802 eos
588 746 633 816 oui
643 756 740 801 ,contra
756 748 861 816 regulas
875 747 991 808 ordinati
1042 763 1124 818 quam
1139 766 1192 803 non
1207 749 1309 806 itabens
1323 766 1397 815 cam;
1410 750 1459 806 sed
1471 752 1608 820 possidens
1620 752 1728 807 Patriam
1745 752 1835 821 Merit,

196 844 272 903 sunt,
293 836 500 893 lutrobttcrunt
512 852 619 903 scram;
635 839 671 892 ita
685 847 716 893 ut
735 839 852 908 undiquc
876 842 991 896 tumultu
1043 838 1112 893 barto
1126 855 1210 908 nsotre
1224 841 1257 894 ad
1270 842 1352 900 uitam
1366 844 1689 912 mortetnquecustodiet.
1706 844 1752 899 liis
1771 860 1836 914 crgo

194 925 494 997 tyriassonensium,
515 929 594 983 sicuti
612 938 641 985 et
661 930 703 983 vir
724 930 887 984 clarissimus
901 945 991 986 coines
1043 931 1131 986 uerbis
1147 932 1270 990 Eleusine
1284 933 1424 989 sementim
1443 935 1559 988 occurrit
1573 935 1673 1002 Aeacii,
1688 936 1767 993 lldctu
1783 935 1835 992 Pa·

194 1014 301 1073 leonas
315 1024 343 1071 et
363 1017 404 1070 tir
426 1017 590 1072 clarissimus
612 1018 667 1072 dux
690 1019 835 1087 provinciae
857 1019 992 1078 Lattritius
1043 1027 1113 1072 trtnn
1129 1034 1227 1074 vocans
1242 1020 1391 1077 Antiochiae
1409 1022 1582 1077 declaratam.
1603 1026 1652 1079 Cui
1666 1034 1742 1080 recte
1757 1027 1837 1095 uuili-

193 1105 378 1175 irtspeterunt.
399 1105 545 1177 Propterea
560 1107 618 1161 bac
632 1107 847 1176 interloquimur,
862 1111 990 1178 quoidam
1042 1111 1089 1166 bet
1105 1112 1205 1180 poterit
1228 1113 1354 1179 obviare,
1382 1114 1473 1169 dicens
1489 1132 1495 1167 :
1511 1114 1653 1181 Quomodo
1678 1115 1771 1172 Patres
1787 1118 1837 1174 laos

193 1214 249 1255 nott
264 1198 431 1253 declinamus
446 1199 596 1269 expositam
611 1215 671 1255 oum
685 1201 847 1257 auctoritate
869 1201 948 1254 iidem
964 1201 990 1254 in
1042 1203 1175 1269 nominas,
1190 1220 1207 1260 o
1223 1203 1322 1270 Eleusi,
1337 1207 1401 1260 dnm
1416 1207 1523 1265 illoruut
1538 1224 1591 1264 iton
1607 1207 1705 1279 recipis
1719 1208 1836 1268 Patres?

194 1291 363 1346 dutioclrcna
373 1292 553 1354 dedicatione,
565 1291 731 1362 proterentes
742 1307 817 1358 eam;
830 1292 893 1346 licet
902 1300 990 1361 patres
1043 1289 1078 1346 itt
1093 1307 1218 1363 namque,
1233 1297 1279 1363 oui
1294 1298 1319 1350 in
1334 1296 1422 1353 iliona
1433 1308 1627 1366 converterunt,
1640 1300 1836 1357 oottcordautes

195 1384 283 1439 ttostri
299 1384 345 1438 illo
361 1392 485 1454 tempore
497 1383 530 1439 ad
544 1383 692 1452 subjectam
705 1386 890 1440 concurrerint
902 1398 989 1454 quass-
1041 1380 1069 1435 in
1084 1381 1370 1441 consubstantialitatis
1380 1386 1463 1439 verbo
1477 1402 1526 1455 pro
1538 1387 1589 1442 lide
1599 1389 1712 1453 sancito,
1729 1392 1837 1461 proprie

194 1479 319 1530 tionem:
335 1477 464 1545 ouonhm
478 1476 578 1532 multm
593 1477 711 1554 turbarit
722 1477 991 1533 consubstantialita-
1039 1470 1167 1525 dicuntur
1186 1470 1288 1537 Patres,
1305 1475 1466 1542 concodat
1481 1484 1603 1546 tenpore
1622 1487 1834 1546 praecesseram

194 1568 229 1621 tis
244 1581 341 1622 manen
358 1568 494 1637 ptoeleriitl
508 1565 639 1639 tempore
653 1576 681 1624 el
702 1583 787 1639 usque
799 1569 835 1623 ad
861 1584 990 1639 praesens,
1040 1561 1127 1628 etqui
1143 1569 1236 1628 {laisida
1247 1562 1634 1634 Anllbch'illlcoillletlel'tlillab
1648 1568 1700 1623 'illis
1711 1570 1836 1625 Sacerdo-

193 1655 272 1711 Nunc
298 1671 365 1712 tero
386 1657 448 1728 qnia
464 1657 561 1713 dicllm
576 1660 732 1714 innovatum
756 1660 790 1716 ab
809 1661 943 1730 aliquibus
957 1661 991 1717 de
1041 1651 1141 1721 tiijura
1162 1662 1348 1722 SUSOEWW·
1362 1655 1391 1710 Si
1405 1666 1494 1711 autem
1511 1656 1538 1710 Μ
1552 1658 1598 1726 ‘lii
1613 1659 1755 1715 A¹¹¹5⁰⁰l¹l²
1771 1675 1837 1716 ton·

193 1745 412 1803 dissimilitudine
425 1745 486 1801 Fdii
503 1748 574 1818 apud
595 1747 718 1815 Patrem,
743 1749 795 1805 bac
818 1764 883 1819 erge
905 1752 990 1819 gratia
1008 1770 1029 1828 B
1042 1744 1144 1811 gregati
1158 1755 1222 1798 sum
1235 1743 1329 1799 Patres
1343 1747 1467 1817 proprios
1482 1754 1657 1815 amaverunt,
1670 1764 1837 1820 consequen-

192 1836 229 1904 ὀμ
242 1841 330 1892 acoleo
345 1846 373 1891 et
386 1838 544 1908 ipotoaeioe,
566 1840 646 1895 idest
660 1840 780 1910 ejusdem
795 1841 951 1897 substantia
964 1850 992 1897 et
1046 1835 1212 1890 latinorum
1233 1836 1333 1906 posteri
1349 1834 1459 1900 Patrem
1470 1836 1653 1893 destructores
1663 1838 1748 1894 secuti
1762 1848 1835 1894 sont.

191 1928 288 1985 tistulis
298 1929 456 1983 substantiae
465 1945 566 1989 notnen
575 1930 726 2000 abjicimus,
737 1939 863 2001 tanquam
873 1930 992 2002 Scriptu-
1044 1922 1185 1989 Quwlddl)
1200 1938 1263 1994 0³8⁰
1278 1933 1306 1980 03
1325 1941 1441 1997 ‘idib'um
1455 1927 1494 1982 iffi
1507 1925 1588 1983 fldem
1601 1929 1674 1983 ’ΝΜ
1687 1928 1836 1998 imbribam

192 2032 294 2070 rarorn.
308 2028 486 2083 extraneum,
513 2021 637 2091 momen,
653 2018 678 2073 id
702 2028 744 2074 est
766 2020 991 2075 dissitatilitudinis
1043 2023 1219 2082 respuerunt,
1235 2016 1278 2070 itti
1292 2014 1370 2085 quasi
1394 2018 1562 2086 probabilem
1584 2022 1785 2090 susceperunt?
1807 2022 1836 2075 st

193 2108 305 2165 mooun
319 2109 594 2174 anatttmnuzanus,
610 2117 638 2163 et
661 2107 755 2163 oannes
768 2109 919 2178 hujusmodi
934 2111 992 2165 crs
1042 2113 1134 2158 auen
1150 2105 1189 2159 itii
1204 2105 1423 2162 adunandorum
1436 2107 1567 2177 Spiritum
1577 2118 1714 2174 ennon,
1729 2111 1775 2183 qui
1787 2126 1837 2182 ner

192 2207 295 2255 stantes
302 2197 336 2253 ab
347 2195 464 2255 tinctona
476 2199 578 2253 alienos
590 2198 783 2253 existimamus.
796 2198 917 2253 Sitntlern
926 2212 991 2253 uero
1035 2192 1161 2248 -otttctun
1180 2210 1274 2249 monus
1288 2195 1467 2265 impositionis
1475 2197 1617 2268 aecipbur,
1632 2214 1720 2269 neque
1734 2201 1778 2256 isti
1792 2216 1836 2257 sa·

193 2289 289 2355 illium
314 2289 386 2359 apud
409 2288 517 2345 Patrem
532 2301 626 2360 aperte
651 2290 818 2360 proibeatur,
843 2290 990 2345 secundum
1041 2282 1390 2356 ottdotiumperccperuut.
1402 2286 1543 2355 Quomodo
1558 2291 1631 2345 enim
1650 2293 1834 2363 acciperenta

192 2381 352 2451 Apostolum
367 2380 502 2437 dicentem
513 2382 546 2435 de
559 2380 627 2436 lilio
643 2397 650 2434 z
665 2379 717 2445 Qui
735 2389 774 2435 cat
787 2378 936 2451 insepeliri
949 2382 989 2435 itt-
1040 2389 1095 2429 noa
1109 2375 1272 2435 amentiam
1289 2379 1362 2447 qttod
1388 2378 1524 2435 dabatml
1548 2380 1610 2438 itae
1631 2381 1752 2452 obiicere
1771 2398 1836 2454 ergo

193 2471 300 2527 risibilis
316 2470 427 2542 (Colore.
443 2487 462 2536 r,
474 2469 529 2541 lai).
542 2469 708 2526 Conlitcntur
719 2478 809 2525 auten
819 2478 848 2525 et
857 2470 991 2525 credimus
1040 2480 1172 2535 responsa
1185 2468 1286 2537 poterit
1302 2470 1416 2539 quilibet
1429 2468 1549 2527 Ebosia.

192 2562 220 2623 iu
236 2578 317 2619 urtam
333 2562 418 2621 licum
429 2561 537 2620 Patrem
547 2562 769 2632 omnipotentem,
786 2560 914 2618 lauterent
927 2558 990 2617 caeli
1021 2559 1024 2563 ’
1077 2558 1145 2629 Cturp
1165 2560 1223 2617 bec
1235 2562 1271 2629 ita
1285 2571 1440 2632 dementer,
1453 2564 1487 2619 ad
1502 2566 1583 2620 aliam
1597 2581 1697 2623 tenere
1709 2568 1836 2637 quastio-

191 2662 221 2713 el
234 2654 474 2722 terraneis-sibilium
487 2654 607 2709 omnium
615 2663 644 2709 et
653 2654 835 2709 invisibilium.
847 2652 990 2711 Credimus
1042 2665 1115 2708 nem.
1127 2650 1197 2717 Quia
1216 2634 1287 2707 ertiu't
1300 2651 1414 2711 Aeacius
1435 2654 1463 2709 iu
1477 2655 1528 2710 lide
1538 2670 1598 2724 quae
1610 2656 1678 2711 lecta
1691 2658 1743 2724 est,
1758 2659 1835 2713 sitni-

192 2754 282 2805 autem
297 2732 463 2803 etiannum
485 2745 576 2802 iesum
595 2745 731 2802 Christum
754 2745 850 2800 Filium
866 2745 940 2815 eius,
955 2756 989 2801 ex
1041 2740 1093 2794 leto
1107 2742 1176 2801 dixit
1197 2742 1297 2798 Filium
1320 2742 1402 2813 Patri,
1427 2746 1604 2817 considebant
1623 2748 1779 2818 alterutros,
1792 2765 1837 2805 se·

192 2854 226 2895 co
239 2844 332 2893 natum
355 2839 554 2908 impassibiliter
568 2847 631 2894 ante
654 2838 745 2893 omnia
767 2838 879 2906 secula,
903 2836 989 2894 Deum
1040 2835 1157 2887 cundum
1171 2833 1235 2903 quid
1249 2844 1321 2892 esset
1335 2836 1430 2895 similis
1446 2836 1527 2899 Filius
1540 2837 1622 2899 Patri.
1644 2839 1679 2895 Et
1697 2842 1742 2912 qui
1763 2842 1835 2897 circa

192 2947 285 3003 terum
302 2930 366 3003 led„
383 2929 445 2984 llio.
459 2940 485 2985 et
499 2929 591 2997 Fron,
609 2928 736 3001 Verbum]
750 2944 784 2985 ex
798 2930 853 2984 beo
868 2929 990 2998 unigeni-
1041 2923 1172 2981 Acacium
1198 2933 1275 2982 crant
1289 2926 1415 2985 dicebant
1436 2929 1585 2985 secundum
1607 2931 1771 3001 voluntatem
1790 2949 1836 2991 so·

193 3031 263 3092 tum,
278 3023 379 3087 lumen,
394 3022 487 3088 vitam,
510 3023 662 3088 ueritatem,
676 3021 848 3092 sapientiam,
862 3021 988 3076 volunta
1036 3016 1067 3095 ¹lu
1073 3018 1191 3084 tnntodo,
1205 3032 1260 3072 non
1271 3019 1421 3075 secondum
1435 3020 1613 3081 suostantiam
1626 3021 1698 3079 Paeti
1720 3024 1834 3081 similent

191 3121 423 3184 temporaneam
438 3112 529 3167 omitia
543 3112 612 3167 lacta
626 3120 689 3167 surtt
700 3114 726 3167 in
737 3111 812 3168 coelis
823 3120 851 3167 et
862 3112 889 3165 in
904 3119 987 3177 terra,
1039 3105 1136 3163 Filium
1152 3121 1222 3163 esse.
1244 3107 1295 3162 dlii
1316 3123 1382 3163 uero
1396 3125 1491 3169 ontnes
1510 3112 1593 3177 otiam
1610 3114 1758 3173 securtduru
1772 3117 1837 3173 sad·

191 3205 250 3260 site
266 3205 378 3258 risibilia
393 3206 451 3259 site
465 3204 617 3258 invisibilia.
632 3203 709 3258 ilurtc
723 3204 858 3259 crediturus
880 3203 906 3257 in
921 3218 989 3259 con-
1040 3197 1168 3255 mantiam
1188 3198 1372 3255 declarabant.
1395 3196 1426 3255 ltl
1444 3199 1496 3256 bac
1510 3216 1575 3270 erpo
1589 3194 1764 3263 numeratione
1777 3212 1835 3260 tota

192 3294 374 3351 supinatione
392 3293 551 3351 sacculorum
565 3309 615 3364 pro
630 3294 814 3349 tlestrectiode
826 3295 930 3363 pcccati
945 3308 989 3349 as·
1038 3300 1196 3353 manserant
1210 3291 1262 3347 die.
1278 3290 1310 3345 lit
1331 3293 1459 3357 Acacium
1479 3306 1638 3361 arguerunt,
1663 3295 1709 3364 uui
1732 3295 1758 3357 io
1779 3298 1835 3352 sitis

192 3385 340 3456 sumpsisse
350 3398 459 3439 caratam
473 3398 506 3437 er
519 3393 613 3449 sancta
625 3382 734 3454 Virgine
751 3383 843 3446 illaria,
860 3392 888 3440 et
901 3384 988 3441 bomi-
1038 3380 1210 3439 sertnonibus
1225 3395 1293 3450 qttos
1306 3381 1474 3452 conscripsit,
1489 3382 1604 3451 sitnilem
1618 3399 1667 3455 por
1680 3387 1770 3443 omnia
1785 3386 1831 3442 Pa·

190 3466 257 3531 nem¹
268 3475 381 3543 lactum,
396 3490 504 3546 passum
519 3491 569 3547 pro
583 3473 701 3545 pcccatis
715 3473 832 3540 nostris,
851 3488 883 3528 ac
898 3488 989 3527 resur·
1041 3471 1074 3525 ui
1089 3470 1185 3527 Filium
1200 3470 1289 3527 diali:
1306 3472 1386 3545 275
1400 3487 1473 3527 nuno
1492 3481 1583 3528 autem
1601 3475 1748 3531 sccuttdutn
1771 3478 1834 3535 sub-

191 3566 306 3628 rexisse,
323 3574 350 3621 et
364 3573 532 3634 assuntptum
547 3566 574 3619 in
598 3565 689 3633 coelis,
714 3562 809 3625 sedete
828 3565 855 3621 in
876 3563 987 3625 dextera
1038 3563 1167 3629 stantiam
1180 3560 1294 3641 sitellam
1310 3560 1461 3633 dedederit.
1479 3561 1579 3631 Quibus
1593 3566 1706 3623 multum
1721 3577 1835 3627 conten·

192 3657 296 3724 l'atris,
317 3656 455 3715 etiterum
471 3664 614 3715 tenturum
629 3655 654 3717 in
678 3654 764 3722 alonia
775 3652 897 3722 judicare
911 3653 988 3709 titos
1038 3650 1162 3709 dentibus
1182 3660 1209 3707 et
1228 3652 1261 3709 ad
1274 3652 1375 3711 nullam
1391 3655 1565 3713 concordiam
1576 3655 1756 3726 rerucntibus,
1776 3672 1833 3714 sut·

190 3758 219 3804 et
232 3755 364 3807 mortuos.
380 3746 521 3807 Credimus
531 3754 559 3802 et
574 3746 602 3803 ia
614 3745 743 3816 Spiritum
757 3753 890 3809 sanctum,
906 3760 986 3813 quem
1037 3754 1104 3811 serre
1123 3740 1230 3807 Leonas
1242 3743 1386 3803 concilium
1399 3743 1489 3805 soluit.
1513 3744 1546 3814 iit
1567 3747 1618 3803 itte
1633 3746 1682 3803 luit
1705 3749 1839 3807 terminus

156 3821 158 3823 ¹
190 3836 371 3903 Paracletum,
387 3836 414 3891 id
429 3832 988 3899 estconsolatoremnoudnaritSaltatnr
1037 3833 1134 3906 synodi
1146 3827 1277 3889 Seleuciae
1291 3843 1469 3903 cotimegata.
1485 3836 1578 3891 Altera¹
1599 3837 1774 3905 namquedic
1788 3855 1833 3895 ro-

190 3928 319 3995 bonnus
330 3934 423 3985 nostor
435 3925 525 3997 (teca,
537 3940 581 3989 tt.
594 3925 639 3995 26)
648 3944 655 3978 :
665 3925 986 3994 promittenspostouata
1037 3932 1115 3999 satus
1129 3930 1159 3981 ut
1171 3910 1330 3991 interesset,
1351 3925 1447 3991 notuit,
1463 3925 1575 3983 dicens:
1593 3925 1714 4000 llircctus
1727 3944 1787 3985 snm
1800 3928 1833 3983 ad

189 4020 259 4085 iret,
284 4017 423 4089 discipulis
446 4031 509 4072 eum
531 4031 593 4079 esse
610 4015 786 4084 mittendum,
808 4030 889 4086 ortem
903 4016 986 4075 etiam
1037 4014 1215 4085 concordiam
1238 4015 1367 4077 concilii:
1383 4016 1461 4079 uultu
1480 4016 1642 4077 distantibus
1659 4017 1757 4073 adone
1780 4033 1836 4073 tion

191 4109 354 4175 destinarit,
368 4123 417 4179 per
430 4123 511 4179 quern
524 4115 553 4163 et
565 4108 716 4175 sartctilicat
734 4107 875 4167 eredentes
894 4108 922 4163 in
934 4106 986 4163 lica
1036 4120 1157 4179 possum.
1179 4104 1238 4173 Quo
1251 4106 1333 4173 tacto,
1350 4120 1401 4163 noc
1411 4106 1458 4177 qui
1473 4107 1543 4165 circa
1564 4106 1692 4181 Apamam
1707 4117 1785 4164 erant
1801 4111 1836 4165 ad

190 4201 294 4264 etesia,
311 4210 338 4257 et
351 4199 504 4272 baptizatos
517 4199 546 4255 in
561 4198 670 4257 nomine
684 4196 786 4263 Patris,
806 4194 934 4263 arsitii,
958 4203 987 4253 et
1037 4193 1170 4271 synodum
1184 4210 1347 4255 concurrere
1361 4196 1513 4253 uoluerunt.
1536 4197 1706 4259 alteratam
1722 4215 1782 4271 pata
1806 4201 1833 4254 ln

190 4294 306 4367 spiritus
320 4296 416 4351 sancti.
441 4293 495 4351 Eos
509 4302 598 4349 autem
613 4291 658 4363 qui
682 4299 780 4361 practer
803 4290 882 4345 bum
906 4290 986 4357 iidem
1037 4287 1312 4352 ecclesiasticarum,
1328 4288 1456 4343 Manum
1471 4296 1499 4344 et
1512 4290 1559 4358 qul
1573 4299 1650 4347 erant
1663 4306 1723 4349 ctttu
1739 4307 1771 4347 eo
1784 4309 1832 4354 vaf

191 4387 263 4447 aliud
277 4386 423 4457 quidquam
438 4385 595 4457 praedicant,
611 4401 627 4441 a
651 4384 783 4443 catholica
797 4382 918 4440 Ecclesia
938 4383 984 4438 de·
1038 4378 1120 4445 mvii,
1136 4386 1166 4431 ttt
1179 4377 1214 4435 tle
1227 4376 1328 4448 Cytillo
1342 4377 1588 4455 ttteposdymoron
1603 4380 1731 4451 episcopo
1751 4383 1834 4439 lrabe-

189 4480 324 4533 cernimus
338 4476 442 4533 alienos
454 4477 582 4533 existere.
606 4474 671 4535 tiae
681 4483 723 4531 est
742 4483 832 4529 autern
847 4474 937 4530 Aeacii
951 4474 985 4529 tle
1038 4478 1113 4522 rctur
1126 4466 1299 4525 examinatio.
1314 4466 1457 4529 Sciendum
1473 4470 1564 4539 itaqtm
1578 4471 1705 4539 quoniam
1719 4470 1834 4544 Cyrillue

190 4568 248 4636 ejus
262 4565 314 4622 lide
328 4565 452 4636 prolatio.
467 4564 518 4622 Cui
532 4564 690 4634 subscripsit
702 4572 731 4619 et
743 4565 810 4634 ipse,
826 4573 853 4621 et
867 4579 984 4621 conseu·
1034 4560 1091 4633 jarn
1105 4560 1205 4625 dudum
1228 4559 1316 4645 lateret
1338 4568 1480 4617 accusatus
1493 4568 1574 4631 ablue
1587 4561 1730 4623 damnatus
1744 4582 1751 4618 ε
1766 4581 1834 4636 quoe

191 4657 288 4715 deantes
302 4658 338 4721 ei,
354 4672 467 4713 numero
478 4671 557 4726 quem
568 4657 649 4726 paulo
663 4664 725 4711 ante
739 4655 920 4726 prediximus.
1037 4651 1109 4711 niam
1123 4664 1195 4720 sape
1210 4657 1340 4709 euocatus
1355 4648 1541 4718 adjudicium,
1555 4648 1661 4717 ‘¹¹¹0th
1675 4654 1753 4709 ”titii
1763 4654 1832 4725 lusi·

223 4745 282 4803 llac
296 4742 347 4801 ttd'c
358 4745 437 4815 lecta,
449 4744 617 4818 Sophronias
627 4743 854 4815 Pompeiopoleos
866 4743 984 4816 Paphla·
1037 4749 1079 4797 ter
1104 4740 1263 4807 declinarit,
1289 4748 1413 4809 metuens
1435 4750 1605 4803 accusantes.
1633 4743 1833 4809 Coatdemnatus

187 4840 275 4909 sonia
288 4837 348 4897 haec
359 4840 441 4894 verba
454 4837 578 4894 clamavit
594 4856 601 4892 ι
616 4837 704 4909 siper
717 4835 838 4907 singulos
851 4836 908 4893 dies
920 4853 984 4908 pro·
1036 4841 1136 4903 atttent,
1153 4831 1340 4905 appellationis
1355 4831 1472 4891 libellum
1483 4835 1738 4903 condemnatoribus
1749 4835 1832 4891 desti-

187 4933 274 5005 priam
296 4932 378 4997 edere
397 4932 503 4988 licuerit
518 4928 615 4999 tidem,
630 4930 752 4987 ueritatis
767 4929 908 4999 integritas
930 4945 983 4984 non
1036 4927 1125 4996 nouit,
1146 4925 1277 4997 iudicium
1300 4926 1388 4996 maius
1406 4926 1555 4999 appellans.
1584 4926 1633 4985 Cui
1657 4927 1830 4999 appellationi

187 5022 318 5081 manebit.
341 5023 404 5081 llaec
423 5022 533 5093 quidem
556 5021 724 5091 Sophronias
747 5019 795 5075 ait.
817 5018 874 5088 Ego
888 5028 980 5077 autem
1033 5020 1170 5083 consensit
1193 5020 1277 5077 otiam
1299 5017 1472 5079 Constantius
1491 5019 1647 5090 imperator.
1663 5018 1720 5077 lluc
1741 5020 1831 5093 itaque

187 5114 249 5171 dico
262 5114 325 5187 quia
339 5113 361 5171 si
371 5113 405 5169 ab
415 5113 492 5169 itdtio
507 5113 563 5169 bac
578 5110 659 5167 rerba
672 5111 706 5169 de
719 5109 825 5165 Nicaeam
836 5108 887 5166 fide
898 5110 980 5167 dixis·
1033 5110 1116 5181 solus,
1128 5118 1155 5165 et
1169 5110 1271 5180 primus
1280 5120 1377 5181 praetor
1389 5110 1598 5167 ecclesiasticam
1609 5114 1830 5171 conouetttdinem

156 5216 160 5225 ’
186 5205 383 5279 santamente
397 5219 445 5260 eos
458 5213 558 5275 etpost
573 5203 634 5259 illos
643 5202 764 5270 luerunt,
776 5203 864 5259 omnis
877 5203 981 5274 potuis
1033 5212 1115 5274 atque
1127 5204 1246 5275 regulam
1260 5202 1376 5276 cyrillus
1391 5203 1453 5265 iecit
1475 5205 1635 5277 episcopum
1660 5217 1699 5273 ut,
1714 5210 1784 5267 sicut
1804 5212 1830 5273 io

185 5306 228 5357 set
241 5311 350 5353 cessare
363 5296 513 5353 conteritio.
528 5294 603 5351 tono
613 5308 678 5364 ergo
690 5292 804 5364 plurima
817 5293 889 5349 inter
898 5293 980 5349 alter-
1034 5294 1148 5366 pultliclt
1156 5293 1274 5365 judiciis,
1296 5293 1526 5355 memnonem
1546 5296 1739 5367 appellatoriis.
1756 5298 1831 5357 Tune

184 5399 262 5455 utros
277 5389 312 5445 ob
330 5389 383 5447 boc
405 5397 434 5449 et
455 5397 567 5461 propter
589 5403 637 5444 eos
655 5388 702 5460 ipit
720 5387 826 5445 lucrant
850 5388 979 5457 accumti,
1034 5399 1100 5456 erpo
1111 5386 1138 5445 in
1151 5384 1276 5449 Sebeda
1290 5383 1411 5451 interluit
1426 5384 1593 5455 iudicandus.
1611 5386 1645 5446 Et
1657 5388 1692 5451 ob
1705 5389 1758 5447 boe
1770 5390 1832 5460 epi.

185 5479 270 5537 rerba
284 5479 406 5539 dicentes
425 5488 453 5543 et
472 5479 625 5549 audientes,
648 5479 781 5547 iabierunt.
798 5479 899 5548 Quarta
913 5495 980 5539 tero
1032 5476 1246 5548 mandentium
1267 5475 1383 5545 eittotte
1400 5485 1597 5539 mmettaneos
1619 5479 1787 5549 etoeobantt
1801 5490 1831 5539 nt

150 5626 159 5637 ,
185 5574 230 5630 dio
243 5573 435 5639 convenientes
446 5588 550 5638 omnm,
564 5588 657 5635 rursm
676 5574 822 5636 movebant
835 5589 897 5629 cum
912 5588 978 5629 con·
1031 5568 1066 5631 de
1076 5567 1292 5631 accusationibus
1310 5576 1515 5637 conmeantes,
1529 5568 1665 5631 temetum
1686 5586 1832 5633 mmmm·

185 5666 307 5728 modone
326 5676 475 5725 semmam
499 5664 574 5723 later
594 5679 665 5735 quos
689 5666 804 5727 Aeacius
830 5666 871 5723 bis
890 5663 980 5725 rerbit
1031 5660 1193 5735 prolerreut.
1218 5658 1374 5719 Etooabant
1394 5660 1474 5729 initur
1493 5660 1575 5718 etiam
1597 5663 1666 5723 alios
1688 5663 1827 5744 quosdam

185 5772 262 5817 snam
289 5756 449 5817 senentiam
473 5754 599 5822 naoelerit
613 5774 620 5811 ι
634 5754 664 5817 si
678 5755 762 5819 sentel
785 5754 894 5817 meana
913 5753 980 5815 tte
1030 5753 1078 5823 oui
1092 5753 1200 5822 tonant
1221 5750 1356 5819 accusati,
1376 5759 1407 5809 et
1426 5752 1586 5824 semetipsos
1609 5753 1833 5815 contulerantatl
