4059 6184
183 265 245 366 ron
786 312 981 368 oscannum
1000 310 1198 368 easstonom
1753 306 1824 365 roas

181 437 244 486 sunt
257 430 339 501 passi.
356 429 407 485 atti
430 444 495 484 vero
518 428 661 485 occasione
673 427 740 499 legis
754 435 783 483 et
795 426 973 497 antiquitatis,
991 433 1010 487 ι
1026 440 1143 495 namque
1155 426 1262 482 coelitus
1275 423 1385 481 naissum
1399 438 1479 479 otono
1494 424 1623 496 tenrplisn
1647 423 1781 490 aecenzlit,
1795 433 1826 481 et

182 534 217 575 ne
230 529 321 576 metite
334 520 442 592 quidem
456 527 636 590 perceperunt
649 519 721 589 qood
741 518 900 574 commisere
915 531 977 586 pec·
1029 517 1116 586 ipsum
1135 515 1224 587 Pythii
1241 515 1373 586 Apollinis
1385 515 1557 572 simulacrum
1571 516 1676 586 redegit
1690 517 1716 571 in
1731 515 1825 585 pulse-

181 619 281 668 mtram.
294 611 394 667 l'ernm
409 610 453 665 alii
467 618 579 682 propter
593 611 696 666 lucrum
711 610 795 681 eapti,
816 616 862 664 ant
881 608 978 664 timore
1029 625 1087 665 rem
1101 628 1108 664 ι
1122 617 1183 665 erat
1201 609 1273 665 enim
1296 609 1412 677 ligneum
1427 617 1455 663 et
1468 609 1636 666 extrinsecus
1654 608 1824 665 deauratum.

183 702 294 765 turbati,
308 716 356 757 sen
364 699 486 770 jussione
500 699 641 771 repentina
656 700 786 766 conclusi,
798 698 862 755 lieet
873 698 978 753 intelle·
1029 698 1108 766 Quod
1121 706 1266 755 noctanter
1279 698 1421 768 praelectus
1435 696 1551 753 Orientis
1569 706 1634 755 mne
1656 699 1765 753 nornine
1779 696 1828 754 lu-

183 793 283 859 serint,
306 800 396 846 tamen
418 791 602 861 paganitatem
629 791 765 848 declinare
789 791 977 861 nequiverunt.
1030 791 1135 858 llanns,
1159 789 1257 846 loliani
1284 789 1458 857 avunculus,
1478 804 1641 860 agnoscens,
1668 789 1829 848 festinanter

184 882 295 937 Plurimi
309 882 441 953 siqnidem
454 897 505 954 per
517 883 696 952 ignorantiam
706 881 824 952 decepti,
834 881 898 936 dom
909 880 980 936 inter
1030 883 1106 938 venit
1124 881 1160 937 ad
1183 881 1322 953 Daphnen,
1338 881 1434 937 rolens
1455 880 1554 938 oll’erre
1572 880 1625 938 deo
1643 898 1693 939 ιιιο
1707 881 1827 938 solatia:

183 975 269 1042 cibos,
284 984 313 1031 ut
327 975 437 1042 assolet,
459 983 488 1032 et
510 976 607 1047 poeula
630 976 789 1032 invocarent
807 976 880 1031 iuter
895 975 980 1030 alter·
1030 972 1179 1044 viduasque
1199 986 1260 1028 eum
1284 972 1423 1028 redactum
1445 973 1473 1028 in
1492 972 1621 1034 cinerem,
1634 974 1774 1051 νεωκόρους
1790 973 1832 1046 [id

184 1077 260 1124 utros
274 1067 419 1135 Christum,
434 1067 601 1138 respondens
619 1067 728 1138 qnidam
741 1066 810 1123 dixit
822 1064 911 1134 :Quid
929 1079 980 1136 pa·
1032 1073 1081 1129 est,
1101 1060 1232 1135 adimus}
1242 1062 1400 1121 verberibus
1421 1060 1566 1132 affligebat,
1584 1063 1699 1118 credens
1723 1063 1775 1119 hoe
1794 1064 1830 1119 ab

185 1162 272 1217 timini
295 1162 453 1217 invocantes
475 1154 621 1226 Christum,
647 1174 728 1230 quem
752 1167 816 1215 aste
843 1156 980 1231 paululum
1033 1153 1124 1224 aliqdh
1136 1152 1290 1209 Christiano
1309 1152 1392 1209 luisse
1414 1153 1598 1209 commissum.
1619 1152 1671 1222 Qut
1693 1153 1758 1210 licet
1774 1163 1830 1210 tor·

184 1253 347 1324 denegastis,
361 1252 425 1308 dum
439 1253 539 1309 donum
554 1252 588 1307 ab
607 1252 772 1323 imperatore
791 1248 980 1322 percipientes,
1032 1251 1189 1317 querentur,
1210 1252 1301 1300 manen
1323 1244 1431 1299 mentiri
1454 1244 1614 1312 noluerunt,
1625 1246 1776 1302 elatnantes
1789 1247 1831 1301 in-

185 1343 248 1398 thus
261 1344 288 1399 in
302 1342 391 1413 ignem
406 1344 566 1399 mitteretis?
579 1342 701 1412 Cumque
715 1342 768 1398 boe
780 1342 879 1398 milites
892 1338 983 1396 andis·
1019 1336 1158 1419 cendium
1173 1352 1227 1392 non
1241 1336 1384 1405 deorsum,
1395 1335 1442 1392 sed
1458 1332 1600 1394 desursum
1614 1337 1740 1394 hahuisse
1754 1340 1832 1409 prio·

184 1414 256 1502 sent,
271 1439 300 1488 et
313 1431 384 1503 quod
399 1441 538 1501 gesserant
551 1433 734 1503 agnovissent,
749 1430 840 1489 statim
856 1430 984 1487 exsilien·
1035 1429 1144 1500 cipiunt.
1161 1427 1201 1483 hd
1221 1428 1280 1483 lame
1298 1428 1379 1483 etiam
1401 1427 1495 1483 rustici
1518 1427 1669 1483 vicinorum
1692 1429 1833 1485 recalentes

186 1531 230 1579 tes
247 1522 354 1595 publice
365 1525 518 1592 currebant,
534 1533 616 1595 atque
629 1525 730 1595 impetu
745 1524 817 1579 laeto
831 1522 984 1579 clamabant
1034 1519 1167 1587 locorum,
1183 1517 1310 1574 dixerunt
1332 1532 1363 1573 se
1385 1517 1484 1575 vidisse
1505 1517 1607 1574 tulmen
1625 1518 1735 1575 coalitus
1751 1518 1834 1575 luisse

186 1612 271 1668 llemn
285 1630 373 1681 suum,
385 1622 414 1670 et
427 1616 533 1671 cunetis
543 1614 698 1671 hominihus
708 1615 876 1670 testabantur
885 1629 915 1670 se
925 1629 986 1672 esse
1035 1611 1163 1668 delatum.
1180 1609 1386 1675 Tnsonoaeros,
1407 1610 1452 1665 ttt.
1474 1626 1514 1677 ιιι,
1536 1627 1595 1682 cap.
1619 1609 1637 1665 0
1656 1621 1682 1666 et
1699 1611 1742 1668 10.
1757 1610 1832 1667 Edit.

186 1703 364 1771 Christianos,
379 1714 408 1761 et
431 1706 457 1760 in
478 1722 512 1762 eo
534 1706 643 1762 nomine
656 1713 923 1777 permaneantque
937 1720 987 1774 per
1036 1700 1133 1759 Christ.
1151 1703 1239 1759 Voles.
1256 1720 1314 1775 cap.
1329 1702 1363 1757 10
1375 1713 1401 1758 αι
1414 1703 1457 1771 11,
1471 1721 1497 1775 ρ.
1513 1703 1566 1760 100
1577 1711 1604 1758 et
1617 1704 1679 1760 151.

187 1795 366 1864 ignorantiam
380 1810 409 1851 se
424 1794 530 1863 iecisse,
546 1804 584 1860 et,
605 1794 627 1850 si
640 1795 693 1851 dici
708 1802 811 1866 posset,
824 1795 910 1850 solam
925 1809 984 1848 ma·
1002 1813 1026 1873 B
1315 1836 1431 1895 CAPUT
1448 1838 1546 1895 mu

114 1972 127 1983 .
186 1899 251 1991 ”qm
272 1898 403 1956 paganam
422 1899 493 1992 esse'.
516 1892 795 1992 conwsm'ffmyem
815 1883 882 1991 mhfl
903 1882 983 1938 sunu!
1037 1929 1265 2000 Depelliratione
1284 1950 1402 1988 nasorum
1416 1935 1834 2008 ecclesiasticornuetqaonoda

187 1992 283 2047 ‘8¹⁵50·
297 1978 419 2048 0000100
432 1987 572 2036 ’0005000
585 1978 620 2035 ³²¹
639 1995 788 2051 Pf¹¹¹⁰¹P0¹¹¹
812 1985 986 2050 Pf⁰J⁶⁰0f¹¹¹¹¹
1072 2001 1193 2057 lulianus
1207 2005 1378 2075 prefecisset
1390 2002 1478 2070 Felix,
1496 2007 1673 2062 oraniltilontes
1687 2008 1833 2075 ecclesiane,

187 2083 283 2125 aumm
298 2069 370 2138 qnod
384 2078 557 2141 acceperant,
573 2079 601 2126 et
622 2068 685 2126 lorti
709 2085 776 2125 voce
793 2071 943 2140 poscebant
956 2076 986 2124 ut
1074 2073 1197 2127 diuisurus
1209 2083 1269 2127 rarat
1281 2075 1376 2141 patriti.

187 2159 321 2230 reciperet
342 2160 414 2231 quod
435 2160 565 2227 dedisset,
580 2169 608 2218 et
621 2161 682 2219 ilios
701 2162 848 2218 occideret.
863 2160 900 2216 Se
914 2162 987 2217 enim
1073 2160 1178 2216 interea
1191 2162 1320 2230 jnhentnr
1331 2176 1395 2218 vasa
1408 2162 1583 2219 eeclesiarum
1598 2180 1675 2221 saera
1694 2164 1750 2222 dsei
1763 2183 1834 2222 asra-

188 2254 374 2324 poenitentiam
399 2268 481 2323 agere
502 2255 663 2321 latebantur,
688 2270 722 2311 eo
745 2255 818 2327 qnod
838 2253 987 2325 improvide
1038 2252 1079 2307 rio
1093 2252 1226 2321 deputari.
1240 2250 1413 2325 sublatisque
1424 2253 1516 2325 januis
1535 2257 1657 2313 ecclesie
1671 2259 1791 2329 majoris,
1806 2261 1836 2315 tit

191 2358 286 2399 eorum
302 2343 413 2401 dextera
433 2354 581 2416 peccasset,
604 2353 633 2403 et
654 2348 763 2403 studere
786 2355 897 2419 propter
913 2345 988 2400 Chri·
1040 2343 1144 2398 eunctis
1154 2344 1309 2399 accessibile
1318 2346 1513 2403 sanctuarium.
1523 2345 1693 2417 ingrediente
1704 2350 1837 2419 siqnidem

191 2443 263 2491 stum
277 2437 358 2491 etiam
374 2445 459 2493 totum
481 2452 580 2507 eorpus
598 2453 686 2508 poenae
708 2436 878 2494 contradere.
901 2436 986 2492 Sozo-
1039 2431 1145 2488 loliano
1159 2433 1288 2505 pruteno
1302 2433 1419 2491 Orientis
1437 2437 1591 2505 ecelesiam,
1606 2437 1681 2494 Pelia
1695 2440 1838 2511 praelectus

190 2542 266 2589 tiss,
283 2527 328 2582 ttt.
341 2543 368 2593 v,
384 2544 442 2599 cap.
460 2526 503 2582 10.
519 2527 593 2583 Edit.
609 2527 705 2585 Christ.
726 2528 813 2586 Voles.
829 2545 887 2600 cop.
900 2526 945 2597 tt,
960 2546 987 2596 p.
1040 2526 1170 2594 regalium
1192 2525 1382 2582 thesaurorum
1393 2528 1496 2599 pariter
1509 2529 1638 2598 introivit,
1654 2540 1683 2585 et
1695 2532 1775 2586 simul
1791 2531 1837 2585 st-

191 2621 253 2686 oto,
268 2621 330 2677 601.
627 2656 630 2671 .
1040 2617 1129 2688 pidius
1143 2634 1235 2674 comes
1254 2634 1345 2675 rernm
1358 2621 1533 2691 privatarum.
1548 2621 1630 2678 Aiunt
1640 2623 1712 2679 enim
1726 2631 1753 2679 et
1766 2623 1838 2679 Peli·

227 2710 291 2767 llaec
304 2712 384 2782 igitur
399 2712 517 2769 iurarem
532 2724 677 2771 moverunt
691 2711 871 2783 imperatoris.
886 2709 919 2766 Et
931 2712 989 2782 pri·
1041 2725 1100 2766 cena
1115 2722 1142 2766 et
1155 2709 1287 2781 ElpidInm
1308 2712 1432 2782 primitus
1447 2712 1624 2782 Christianos,
1638 2724 1700 2771 tune
1711 2731 1727 2769 a
1739 2716 1840 2785 pietate

192 2819 237 2859 nro
261 2803 369 2872 quidem
394 2819 488 2861 eorum
517 2808 606 2878 capita
628 2805 708 2876 jussit
730 2804 840 2861 auferri.
868 2803 990 2873 Cumque
1042 2806 1196 2871 recessisse,
1210 2804 1296 2876 impio
1315 2805 1429 2878 principi
1444 2822 1540 2878 parere
1553 2809 1703 2879 cupientes.
1719 2807 1841 2864 lulianus

192 2895 391 2953 deducerentur
403 2896 437 2953 ad
450 2906 566 2954 mortem
578 2906 708 2969 sequente
722 2896 833 2968 populo,
846 2896 991 2966 miratique
1042 2899 1133 2969 ltaque
1156 2901 1299 2972 praelectus
1322 2902 1494 2972 impudenter
1515 2912 1610 2959 eontra
1629 2919 1736 2959 sacrum
1749 2904 1839 2959 altare

192 2987 321 3043 virtutem
335 3003 430 3044 eorum
444 3004 493 3061 pro
513 2990 615 3061 pietate
635 2998 799 3060 susceptam,
811 2995 944 3044 venerunt
957 2988 991 3045 ad
1042 2991 1153 3059 minxit;
1168 3006 1248 3061 quem
1265 2993 1328 3047 dum
1347 2992 1463 3049 anoiais
1477 2994 1622 3065 prohibere
1636 3003 1761 3062 tentaret,
1778 3012 1840 3051 eum

97 3104 100 3117 ·
192 3078 283 3134 locnm
297 3080 403 3150 quorei
420 3080 507 3151 puniri
522 3081 621 3135 solent.
642 3079 718 3135 Tarne
738 3078 930 3151 spiculatorem
945 3094 992 3134 ro·
1043 3079 1088 3135 ille
1101 3082 1235 3151 percussit
1254 3082 1280 3136 in
1301 3083 1399 3155 capite.
1424 3083 1521 3139 Fertur
1545 3093 1636 3140 autem
1658 3085 1758 3143 dixisse
1778 3089 1843 3158 quia

192 3167 266 3239 gavit
278 3170 370 3225 senior
384 3169 505 3225 omnium
519 3178 549 3224 ιιι
563 3178 627 3225 ante
643 3184 738 3225 omnes
757 3167 896 3239 cuiusdam
910 3176 992 3240 eaput
1005 3204 1027 3264 C
1044 3171 1139 3241 religio
1154 3171 1306 3228 Christiana
1321 3184 1393 3230 esset
1406 3173 1495 3230 divina
1517 3175 1696 3232 sollicitudine
1710 3177 1841 3235 desolata.

193 3261 303 3316 nomine
317 3259 433 3317 llomani
447 3261 536 3318 adhue
558 3260 738 3317 adolescentis
758 3259 938 3327 abscinderet,
957 3272 992 3314 ne
1045 3260 1130 3318 Porro
1145 3262 1219 3319 Felix
1236 3266 1329 3322 videns
1350 3282 1475 3325 vasorum
1499 3277 1668 3332 ornamenta,
1689 3286 1749 3340 qnae
1772 3270 1842 3327 Con-

193 3350 257 3405 dum
272 3350 339 3408 alios
352 3352 501 3422 respiceret
512 3351 691 3422 frangeretur.
705 3349 829 3423 Cumque
846 3351 891 3407 ille
905 3364 992 3420 genna
1044 3354 1178 3410 staminas
1191 3364 1220 3411 et
1233 3354 1407 3413 Constantius
1421 3343 1577 3428 frequenter
1587 3359 1741 3416 obtulerant
1753 3380 1760 3415 ι
1773 3361 1846 3419 Eece

195 3441 298 3499 tlxisset
316 3443 342 3499 in
358 3452 440 3511 terra,
455 3452 484 3501 et
506 3444 624 3515 gladium
646 3443 793 3515 spiculator
813 3444 993 3514 evaginasset,
1045 3442 1072 3497 in
1087 3444 1194 3514 quibus,
1209 3446 1304 3515 inquit,
1321 3447 1392 3505 vasis
1405 3447 1497 3505 blarim
1517 3449 1572 3506 lilio
1593 3428 1844 3509 ministratoriis!

194 3532 270 3587 senit
296 3542 409 3604 repente
437 3534 547 3591 nuntius
573 3533 692 3590 clamore
717 3534 864 3605 prohibens
886 3547 991 3589 necem
1045 3548 1095 3604 pro
1107 3532 1149 3588 his
1160 3533 1343 3605 hnpietatihus
1355 3539 1514 3609 vesanisque
1524 3541 1780 3611 praesumptionibus
1789 3558 1848 3597 non

195 3621 282 3680 Porro
299 3623 460 3694 juvenculus
483 3625 529 3683 ille
552 3626 689 3683 occisione
711 3626 843 3696 privatus,
857 3625 896 3679 ait
911 3642 918 3678 :
933 3624 993 3680 Non
1045 3626 1232 3696 postmultum
1247 3644 1341 3698 pesnas
1354 3632 1440 3687 emoti
1454 3642 1526 3688 ιιιιιι.
1547 3632 1614 3688 Nam
1630 3643 1743 3705 repente
1756 3635 1843 3690 lolia·-

194 3714 246 3768 iolt
259 3715 398 3771 Romanus
411 3716 508 3786 dignus
521 3724 551 3772 ut
564 3716 664 3773 Christi
684 3724 786 3787 martyr
800 3714 991 3786 appellaretur.
1046 3733 1096 3773 nus
1109 3734 1179 3774 saeva
1194 3719 1348 3778 intinnitate
1366 3722 1494 3779 detentus
1515 3724 1664 3782 visceribus
1684 3726 1845 3797 putrefactis

195 3803 229 3859 Et
244 3805 306 3861 lieet
328 3807 487 3875 sanguinem
505 3807 638 3878 malignus
651 3806 797 3877 imperator
811 3802 885 3859 luridi
899 3804 994 3873 probi·
1046 3809 1156 3864 interiit.
1172 3809 1207 3865 Et
1222 3810 1312 3867 limum
1337 3829 1392 3869 non
1416 3829 1466 3885 per
1482 3824 1587 3872 meatus
1607 3816 1742 3886 digestiles
1765 3820 1845 3874 emit·

194 3897 308 3962 buissel,
320 3895 417 3954 duetus
434 3897 543 3965 invidia,
557 3906 742 3954 verumtamen
755 3910 811 3949 uon
825 3908 873 3949 eos
884 3894 911 3949 in
926 3893 993 3949 civi·
1047 3901 1129 3968 tebet,
1149 3901 1197 3956 sed
1213 3904 1358 3959 scelestum
1373 3921 1415 3971 os,
1430 3906 1503 3975 qnod
1516 3906 1690 3978 blasphemiis
1705 3908 1843 3963 ministra·

195 3987 295 4042 tatibus
309 3987 432 4043 habitare
451 3987 583 4057 permista,
595 3986 641 4042 seu
653 3985 687 4040 aa
702 3985 797 4039 ultima
810 3982 994 4039 Romanarum
1046 3999 1132 4056 verat,
1148 4006 1279 4062 organum
1303 3994 1382 4064 bintus
1402 3997 1548 4066 egestionis
1570 4008 1611 4053 esa
1629 3998 1740 4053 taciani.
1762 3999 1845 4055 stunt

196 4078 254 4133 loca
268 4078 364 4133 exsilio
374 4078 530 4133 destinavit.
543 4076 753 4146 Tueonossrns,
767 4076 812 4131 tit.
827 4092 866 4143 ru,
878 4092 936 4145 cop.
949 4075 993 4131 16.
1046 4081 1118 4137 enim
1141 4080 1200 4151 ejus
1224 4100 1335 4141 uxorem
1361 4084 1411 4141 hile
1433 4086 1519 4144 luisse
1529 4088 1714 4155 clarissimam,
1731 4105 1845 4159 eamque

196 4165 270 4223 Edit.
286 4165 385 4225 Christ.
405 4167 492 4223 Vates
507 4185 566 4241 cap.
581 4167 628 4238 17,
641 4187 668 4240 p.
684 4167 747 4223 lld.
1046 4169 1146 4226 dixisse
1162 4190 1170 4225 ι
1186 4171 1269 4228 Decet
1283 4182 1319 4238 te,
1334 4175 1441 4240 marite,
1456 4175 1568 4233 laudare
1582 4176 1750 4234 Salvatorenr
1764 4178 1844 4234 Chri·

231 4261 330 4318 Postea
343 4276 410 4319 vero
424 4261 553 4333 precepit
568 4269 598 4317 ut
617 4262 663 4331 qui
685 4259 840 4316 sacrificare
859 4258 996 4316 noluerint
1046 4270 1130 4333 stum,
1142 4264 1271 4335 quoniam
1290 4266 1338 4321 tibi
1361 4283 1412 4338 per
1434 4267 1504 4325 hane
1524 4271 1723 4341 eorreptionem
1738 4274 1845 4342 magui·-

196 4356 224 4411 in
238 4354 368 4426 palatium
382 4371 436 4411 non
451 4354 601 4423 intrareut;
615 4362 644 4411 et
656 4369 745 4424 neque
761 4353 886 4424 collegio,
908 4367 996 4425 neque
1048 4354 1167 4410 tudinem
1181 4356 1296 4427 propria*¹
1308 4357 1414 4413 virtutis
1426 4358 1555 4415 ostendit.
1567 4358 1626 4414 Non
1640 4359 1712 4415 enim
1727 4374 1845 4430 agnove-

197 4446 256 4502 loro
283 4462 347 4511 eos,
374 4460 463 4519 netque
491 4446 622 4516 arbitrio,
649 4462 737 4518 neque
762 4446 817 4502 ulla
845 4445 994 4514 dignitate,
1047 4460 1092 4501 ras
1111 4453 1204 4501 contra
1227 4461 1307 4517 quem
1336 4446 1465 4504 dinaieare
1490 4448 1608 4516 voluisti,
1635 4451 1686 4507 nisi
1715 4462 1845 4508 consueta

197 4550 249 4593 nec
270 4537 390 4606 qualibet
409 4535 644 4594 administratione
664 4536 826 4608 participare
836 4534 926 4606 jussit.
943 4533 998 4591 So·
1048 4535 1252 4606 longanimitate
1269 4539 1327 4596 haee
1351 4540 1399 4596 tihi
1422 4539 1527 4611 llagella
1549 4542 1677 4598 divinitus
1699 4543 1843 4600 intulisset.

198 4642 310 4698 soum,
322 4627 368 4685 tit.
384 4645 409 4696 v,
424 4646 483 4702 cap.
499 4628 542 4685 li.
558 4626 632 4684 Edit.
648 4627 744 4684 Christ.
764 4627 852 4683 Voles.
867 4644 925 4698 cap.
948 4624 993 4697 18,
1049 4626 1095 4683 llis
1108 4643 1172 4699 ergo
1186 4631 1274 4688 verbis
1287 4642 1315 4687 et
1330 4632 1500 4703 passionibus
1519 4634 1719 4690 imminentibus
1735 4650 1845 4691 eausam

198 4737 225 4792 ρ.
237 4718 300 4775 623,
1048 4715 1185 4785 languoris
1206 4734 1365 4789 agnoscens,
1381 4722 1494 4791 rogabat
1508 4721 1698 4794 imperatorem
1713 4733 1743 4779 ut
1756 4726 1847 4781 eecle-

483 4853 598 4912 Μυῒ
614 4851 710 4908 xm
1049 4807 1088 4863 sia
1100 4808 1198 4880 quibus
1212 4811 1299 4866 luerat
1312 4811 1419 4867 sublata
1434 4812 1602 4890 redderetur.
1623 4813 1676 4869 Sed
1696 4829 1747 4869 nee
1771 4815 1847 4871 illurn

200 4948 357 5020 ιιιιαραα
371 4947 493 5019 martyra
507 4945 623 5016 satyro,
634 4953 661 4999 α
672 4944 704 4997 αα
716 4942 855 4997 enatans
866 4940 996 5011 spartus
1050 4895 1133 5003 [100
1149 4908 1176 4956 ⁰¹
1198 4916 1257 4972 ¹⁹⁸⁰
1281 4903 1426 4958 asininum
1445 4904 1508 5006 000
1523 4904 1651 5007 suscepti.
1669 4904 1758 5008 0000
1770 4904 1848 5007 000

449 5018 557 5088 samm,
571 5026 745 5070 mmmm,
1050 4998 1078 5044 et
1092 5007 1150 5062 rpse
1164 5002 1276 5061 repento
1296 4991 1431 5060 hagellum
1452 5002 1551 5050 virtute
1572 4993 1662 5049 davum
1686 5010 1847 5064 suscensus,

234 5107 302 5163 cm„
316 5108 398 5178 ,Μ
410 5106 532 5162 Julianus
548 5108 582 5160 ,d
596 5104 721 5177 pythium
743 5102 907 5173 paphnffium
922 5110 998 5174 pege,
1048 5085 1180 5153 sanguine
1193 5092 1249 5140 tota
1262 5084 1305 5140 die
1319 5086 1399 5141 sianul
1409 5093 1437 5140 et
1447 5096 1571 5142 noeteer
1586 5101 1635 5141 ore
1646 5086 1718 5151 lisso,
1730 5095 1759 5142 et
1771 5088 1848 5144 venis

199 5209 242 5257 ret
255 5216 385 5272 responsa
400 5200 436 5256 de
449 5199 568 5256 Parthici
582 5199 644 5255 betti
664 5197 788 5262 victoria,
803 5204 831 5251 et
845 5196 890 5251 ille
903 5194 998 5249 vicini·
1049 5178 1173 5249 00000οῑ0
1195 5178 1314 5248 0000100
1337 5179 1470 5246 0000οῑῑο,
1490 5179 1618 5248 0000000
1642 5180 1743 5235 000000
1767 5180 1848 5234 00000

204 5300 285 5348 ,apem
298 5292 421 5360 comm,
433 5291 542 5363 pabyqae
554 5290 679 5361 mastya,
690 5294 840 5350 accusaret,
851 5284 930 5355 jussit
941 5282 999 5351 ejus
1051 5285 1178 5340 expensa,
1195 5269 1294 5341 etipse
1308 5270 1434 5325 celeriter
1452 5277 1494 5325 est
1512 5271 1670 5337 exstinctus,
1685 5278 1849 5339 {eternaeque

200 5397 300 5451 eorpus
312 5380 422 5438 aulerri.
436 5381 476 5437 0h
489 5397 570 5453 quam
585 5397 643 5437 rein
658 5396 719 5436 eum
739 5377 883 5434 Christiani
898 5374 999 5430 festivi·
1051 5361 1132 5415 00οῐοῙ
1153 5361 1331 5416 0000000005·
1356 5359 1564 5430 Το00000000οι
1582 5360 1628 5416 00·
1644 5377 1683 5427 00
1704 5379 1762 5434 sap.
1778 5361 1809 5415 Η
1825 5369 1849 5415 0

201 5482 284 5528 samm
304 5472 419 5530 deducto
440 5489 555 5544 corpore
578 5474 724 5546 psallentes
747 5478 868 5541 agerent,
887 5477 915 5525 et
930 5468 999 5523 indi·
1052 5452 1096 5508 1'2·
1113 5452 1185 5508 fflffl·
1202 5451 1299 5509 (3000·
1319 5452 1407 5508 Vll&-
1423 5469 1481 5525 000·
1497 5451 1540 5515 lh,
1562 5469 1588 5524 P·
1605 5450 1670 5507 ¹55·

201 5565 330 5632 gnatione
364 5564 492 5635 principis
524 5564 632 5636 qnidarn
661 5563 819 5619 Tlteodurus
840 5560 1000 5631 iuvenculas
1322 5569 1436 5628 CAPUT
1455 5567 1570 5623 xxxlll.

201 5651 286 5708 rivalta
300 5653 454 5722 passionum
468 5661 604 5710 tormenta
618 5654 701 5728 2322
714 5654 886 5724 pertulisset:
899 5652 949 5706 hoe
963 5652 1000 5705 ita
1090 5664 1223 5731 Quomodo
1246 5665 1316 5733 ,pud
1340 5663 1504 5719 Appospppm
1525 5661 1667 5717 ,ampotis
1690 5661 1761 5730 pum
1781 5660 1814 5714 ιιι

202 5748 287 5805 gesto,
304 5741 384 5795 sallas
406 5744 510 5796 daemon
525 5746 651 5815 ιιιιιιιιιι
664 5742 771 5812 quidem
786 5741 899 5809 gloriam
915 5740 999 5804 auxit,
1372 5750 1518 5789 constemus.

202 5844 279 5881 suum
305 5845 370 5884 vero
399 5832 566 5889 itternlaeiunt
595 5835 692 5889 elarius·
720 5833 855 5888 enullavit.
887 5832 999 5887 Fulmen
1090 5827 1135 5882 llis
1150 5829 1185 5882 lta
1201 5827 1294 5897 gestis,
1310 5826 1466 5881 adolescens
1482 5824 1588 5892 quidmst
1602 5822 1752 5879 sacerdotis
1769 5820 1856 5888 lilius,
