4059 6184
292 262 339 317 lii
993 252 1104 309 t‘tsstttt
1124 250 1225 307 Phl‘AE
1876 245 1923 300 128

287 383 327 433 καί
342 377 592 440 κατακοίυυθοίντας.
608 376 729 436 univirae
743 371 833 438 ὅντως,
847 370 886 427 ὅτι
899 370 1013 447 περ”ᾰεεό
1033 376 1083 423 τῶν
1097 379 1119 434 Α
1133 365 1216 418 nisset
1237 362 1362 433 superius
1376 360 1587 432 comprehensas
1599 360 1792 428 blaspneimas,
1815 367 1861 410 aut
1875 358 1925 412 ittis

286 469 501 539 ανσμονευθὲντων
522 468 600 541 ἁγίων
623 467 750 541 πατέρων,
775 464 941 534 sulpitium
964 460 1015 515 ἀπὸ
1034 468 1082 522 τῆς
1132 457 1241 524 similia,
1256 456 1298 510 rel
1314 455 1437 510 liaeiesiirt
1453 454 1487 508 de
1500 469 1553 524 qua
1575 452 1624 507 tuit
1638 459 1790 519 suspectus,
1808 449 1848 503 tel
1867 448 1923 503 bla-

286 561 363 629 ἁγίαν
380 561 406 614 ii
416 558 553 616 xiiiooio'n
567 557 692 625 resideo,
708 555 790 617 οὐδεῖς
802 557 862 630 περὶ
881 551 911 608 οὗ
924 552 1027 623 ὑποψία
1039 555 1082 621 γέ·
1132 548 1269 617 spbemias
1288 546 1475 616 denegavisset
1495 556 1523 600 et
1536 544 1750 604 condemnasset,
1767 543 1793 595 iii
1806 555 1919 595 auarum

287 674 356 727 γονεν
368 651 462 724 tityon
488 654 556 721 εἰμὴ
572 649 598 713 ὃς
610 651 750 706 desidero
762 650 808 709 τὰς
822 647 940 718 ἀνωτέρω
963 646 1083 717 ίμπερεε·
1134 637 1315 709 suspicionem
1329 637 1414 691 venit.

288 747 402 817 χομίναε
414 743 585 814 βλασφημίας,
600 743 677 815 ἤγουν
688 742 721 797 τὰ
739 737 813 812 ὅμοια
825 741 908 795 ταὺτα
919 758 942 801 t.
955 736 970 795 ii
982 741 1028 794 rm
1041 735 1083 789 αἶ·

289 861 357 913 proto
372 840 430 917 περὶ
444 834 473 898 ἧς
487 837 602 898 ὕποπτος
614 837 722 909 γε’γονεν,
739 832 815 893 {rarle
827 831 990 905 glaepupn'ac
999 830 1175 901 ἀσηρνήοειτο,
1190 826 1232 878 καὶ
1244 821 1383 896 κατέκρινε,
1397 822 1456 895 arpi
1470 816 1502 872 ὧν
1515 818 1539 872 ly
1553 818 1659 887 damula
1672 817 1777 887 γέγαεν.

594 925 771 983 ’Υίίοῑνίοίίζ
1439 924 1622 966 suuscnirrro.

326 1022 352 1078 ὀ
363 1022 423 1086 θεὸς
438 1043 467 1078 σε
482 1024 541 1093 ὑγιῆ
554 1018 729 1094 διαφυλάττοι,
739 1017 826 1089 adripi
842 1020 991 1086 τιμιώτατα
1004 1010 1087 1070 'adito
1173 1008 1244 1061 Deus
1259 1016 1285 1059 tc
1303 1015 1395 1061 seruet
1409 1002 1589 1064 incolumem,
1611 998 1694 1053 irater
1709 996 1928 1052 honoratissime.

290 1117 340 1191 πρὸ
351 1114 376 1180 ίξ
390 1114 461 1170 εἱδῶν
477 1113 648 1188 εενεμίρίων,
664 1110 797 1183 βασιλείας
816 1114 862 1164 τοῦ
877 1106 1088 1176 desciscentes
1139 1098 1204 1152 llata
1219 1106 1281 1151 ante
1294 1103 1401 1152 sertum
1415 1093 1475 1147 idus
1495 1090 1678 1154 Decembres,
1702 1089 1807 1159 imperii
1828 1088 1930 1142 diiiiiini

290 1203 467 1261 'reomenses
484 1211 529 1259 τοῦ
547 1206 649 1258 arn-,tm
663 1198 811 1271 tepidario
823 1197 899 1259 ἔτους
911 1201 1029 1253 εἰκοστοῦ
1043 1196 1087 1251 ἐς.
1140 1189 1224 1244 nostri
1238 1186 1380 1242 iustiniani
1395 1185 1489 1240 aterni
1506 1183 1617 1251 Augusti
1641 1196 1713 1235 anno
1732 1180 1862 1248 vigesimo
1885 1193 1930 1232 se·

291 1293 386 1366 δόμου.
407 1297 472 1365 μετὰ
485 1300 530 1353 τὴν
542 1298 667 1351 ὑπατείαν
680 1291 812 1347 Βασιλείαν
828 1297 874 1347 τοῦ
887 1289 1068 1364 λαμπροτάτου
1077 1282 1096 1354 ,’
1139 1282 1235 1354 ptimo,
1261 1276 1504 1349 postconsulatum
1520 1274 1610 1328 basilii
1621 1274 1671 1327 riri
1685 1271 1837 1333 clai-issimi,
1856 1286 1928 1324 anno

291 1385 369 1448 ε’τουε
383 1384 426 1440 ις’.
1138 1374 1301 1430 duodecimo
1315 1370 1404 1443 (AEroe
1419 1369 1569 1423 christiano:
1584 1365 1658 1436 555).

328 1498 413 1572 (Ttloc
425 1501 539 1573 βεὸλίον,
553 1503 568 1560 ἦ
582 1508 628 1561 τῆς
639 1497 715 1570 εἐγῖας
729 1493 836 1554 enaddan
845 1504 892 1558 τῆς
905 1496 931 1550 ίν
944 1490 1210 1547 supereminentia
1224 1485 1409 1556 συναχθείσης.
1423 1484 1514 1561 Χρισεὶ
1529 1481 1541 1536 ὁ
1554 1483 1625 1541 Θεὸς,
1638 1478 1701 1545 δόξα
1719 1481 1858 1550 asclipio.

295 1608 1921 1637 *w

535 1698 577 1756 ΒΕ
597 1699 709 1757 VlGlLll
728 1696 919 1756 quuETatt
938 1695 1105 1752 bristout
1124 1692 1193 1750 PRO
1210 1685 1491 1749 eodrtnittttons
1512 1685 1532 1740 V
1551 1683 1684 1756 stabnt,

866 1805 1074 1852 DlSSssll'l'b‘l'll)
1088 1802 1180 1847 Pli'ssll
1196 1803 1236 1845 DE
1253 1801 1371 1845 HARCA·

1020 1909 1220 1924 Μ

333 1978 546 2036 l.'Conimodum
561 1977 764 2047 acciditniiper,
777 1983 805 2031 ut
819 1990 874 2045 quo
888 1982 1011 2043 tempore
1026 1982 1087 2027 acta
1103 1974 1126 2032 Β
1141 1969 1262 2024 Narsetis
1275 1966 1365 2032 ducis,
1383 1975 1453 2026 teste
1471 1970 1568 2027 eodem
1591 1964 1749 2048 Anastasio,
1768 1967 1820 2048 ¹qni
1844 1978 1935 2027 tamen

297 2051 398 2122 quinon
411 2050 506 2122 synodi
516 2049 689 2105 oecuiucnicm
702 2046 777 2117 prelo
788 2048 863 2115 regio
874 2044 1086 2105 excudebantur,
1140 2038 1355 2095 contirmationis
1374 2038 1445 2095 illius
1466 2041 1577 2096 omnino
1591 2052 1645 2091 riori
1666 2045 1797 2092 meminit.
1814 2038 1871 2092 Non
1889 2058 1935 2097 nie

298 2120 427 2175 obtulerit
450 2134 510 2174 sese
545 2119 609 2173 mihi
635 2118 690 2172 iato
713 2117 831 2187 quodam
858 2124 936 2169 retus
962 2112 1089 2169 collectio
1140 2107 1206 2164 latet
1222 2108 1294 2163 viros
1308 2106 1430 2163 eruditos
1444 2126 1478 2167 ex
1493 2126 1527 2165 eu
1547 2109 1601 2162 rim
1615 2107 1723 2161 concilii
1737 2109 1869 2175 generalis
1885 2111 1934 2163 tri·

297 2196 419 2262 χιήσευν
432 2204 466 2243 ex
480 2189 597 2258 antiquis
612 2186 736 2241 Patribus
749 2196 778 2241 et
790 2184 912 2241 conciliis
932 2182 1086 2249 petitarum,
1139 2178 1224 2235 buere
1238 2179 1301 2260 huic
1312 2178 1412 2248 quinte
1424 2181 1544 2253 synodo,
1557 2177 1629 2249 qnod
1644 2193 1658 2258 a
1675 2176 1784 2259 Pelagm
1797 2178 1895 2303 primo,
1907 2192 1933 2237 ei

297 2250 412 2315 a'reteri
427 2259 553 2326 theologo
572 2257 702 2312 aduersus
716 2259 771 2312 dee
790 2256 867 2310 batos
881 2262 909 2310 et
927 2251 1089 2308 Monotbeli·
1139 2247 1271 2319 Gregorio
1294 2247 1410 2316 llaguo,
1436 2251 1552 2320 aliisque
1580 2246 1750 2318 pontificibus
1763 2265 1794 2303 su
1825 2263 1933 2306 nonime

298 2337 339 2385 tas
353 2331 495 2385 haereticos
510 2328 573 2382 olim
589 2327 727 2383 adornata.
777 2326 884 2381 otuinen
905 2323 970 2378 illud
993 2338 1089 2377 manu·
1160 2320 1240 2374 uineae
1253 2319 1349 2390 synodi
1364 2329 1425 2400 post
1438 2329 1552 2376 caeteras
1566 2325 1682 2388 quatuor
1696 2319 1829 2373 recensita
1843 2319 1932 2375 luerit.

297 2400 426 2469 scriptum
441 2398 563 2453 Crocum
575 2406 662 2452 exstat
677 2397 703 2451 in
718 2396 882 2451 bibliotheca
898 2393 991 2461 Regia.
1005 2408 1088 2447 accii·
1139 2333 1217 2456 good
1232 2397 1323 2444 minen
1336 2388 1381 2443 alii
1395 2390 1436 2447 sie
1449 2391 1596 2462 explicant,
1614 2395 1643 2442 nt
1653 2387 1795 2468 pontifices
1809 2388 1869 2443 illos
1883 2406 1933 2444 au-

298 2477 358 2523 rate
377 2469 540 2537 descriptum
555 2483 569 2521 a
586 2466 676 2522 Leone
689 2464 833 2530 Cinoomo,
848 2473 876 2519 et
887 2465 921 2518 ab
936 2479 969 2518 eo
982 2462 1085 2532 reposi-
1139 2459 1259 2515 ctoritati
1283 2465 1365 2513 tantae
1385 2461 1483 2530 synodi
1507 2459 1620 2516 cessisse
1642 2466 1733 2529 potius
1746 2457 1829 2523 dicat,
1851 2474 1933 2529 quani

298 2545 355 2593 turn
364 2536 597 2606 Constantinopoli
612 2537 638 2591 in
652 2535 815 2590 bibliotheca
826 2533 1011 2603 imperatoria,
1024 2541 1089 2587 tcm-
1139 2530 1244 2602 synodo
1258 2529 1448 2586 auctoritatem
1463 2529 1611 2586 addidisse.

299 2608 409 2679 poribus
423 2606 560 2663 blichaelis
573 2605 730 2674 palaeologi,
750 2619 822 2660 anuo
836 2602 929 2658 mnudi
942 2602 1023 2666 otei,
1039 2617 1088 2658 seu
1173 2597 1206 2653 ll.
1222 2599 1286 2666 Quor
1301 2613 1315 2652 a
1330 2614 1373 2653 mc
1387 2599 1459 2655 dicta
1473 2609 1536 2655 suut
1550 2614 1585 2655 eo
1599 2598 1691 2654 animo
1705 2605 1735 2655 ut
1752 2608 1888 2667 repertam
1904 2600 1931 2656 in

287 2681 371 2733 ‘anuo
385 2675 483 2731 Christi
500 2675 577 2729 tete.
600 2675 778 2730 Amanuensis
800 2689 864 2728 iero
887 2680 1000 2727 testatur
1021 2687 1036 2725 a
1058 2688 1088 2728 se
1139 2669 1303 2725 bibliotheca
1311 2668 1394 2735 {legia
1407 2670 1495 2739 vigilii
1509 2669 1652 2741 epistolam
1663 2668 1933 2741 commentumque

299 2746 489 2816 transcriptum
504 2761 538 2800 ex
556 2749 723 2816 autographo
737 2742 809 2814 quod
833 2745 859 2797 iii
882 2742 967 2797 veteri
987 2741 1087 2796 biblin-
1141 2754 1236 2795 omnes
1249 2739 1308 2793 illas
1326 2736 1499 2797 difficultates
1511 2746 1641 2810 superat;
1663 2754 1723 2809 qua
1744 2755 1778 2792 ue
1797 2739 1829 2794 iis
1843 2742 1932 2795 uerbis

299 2816 378 2873 theca
386 2815 512 2872 Ecclesiae
524 2802 651 2870 tioio‘ane
661 2814 859 2877 asservabatur,
873 2813 978 2869 calamo
992 2826 1088 2866 exora·
1139 2817 1270 2892 concepta
1291 2816 1352 2870 est,
1376 2809 1474 2878 quibus
1495 2810 1534 2866 uti
1558 2808 1673 2864 decebat
1689 2754 1931 2879 sedisapostolicae

299 2896 368 2955 tum,
383 2902 454 2941 anno
468 2886 560 2940 mundi
574 2884 654 2951 hibi,
669 2899 716 2939 seu
731 2899 803 2938 anno
816 2883 914 2938 Christi
929 2880 992 2935 tea.
1009 2880 1087 2948 Quod
1139 2879 1303 2950 pontiticem.
1323 2878 1395 2934 Sane
1417 2895 1432 2934 a
1447 2879 1549 2936 Graecis
1563 2879 1627 3004 ipsis
1647 2880 1716 2935 tanti
1739 2878 1809 2933 iacta
1831 2889 1874 2934 est
1896 2882 1931 2935 ad

301 2955 362 3012 idco
377 2958 516 3023 annotavi,
537 2963 566 3010 ut
579 2956 613 3011 de
625 2953 798 3024 manuscripti
812 2952 913 3009 codicis
927 2952 1088 3020 antiquitate
1140 2949 1223 3005 robur
1235 2949 1337 3018 quinta.
1348 2950 1444 3021 synodi
1455 2964 1564 3005 asseren
1585 2963 1640 3014 um,
1652 2961 1681 3004 ut
1691 2965 1751 3005 eam
1766 2949 1792 3004 iii
1803 2961 1861 3005 acta
1872 2949 1931 3019 ejus

300 3032 328 3081 ct
342 3026 392 3080 ttde
407 3026 495 3081 nultus
514 3033 587 3080 esset
609 3023 747 3081 dubitandi
771 3023 855 3080 locus.
880 3023 952 3078 luter
974 3029 1088 3077 ceteros
1139 3019 1236 3102 synodi
1251 3019 1407 3083 retulerint,
1429 3028 1458 3075 et
1470 3020 1621 3076 delinitioni
1634 3020 1769 3092 synodicae
1783 3019 1930 3089 sabianae·

300 3109 366 3150 ucm
378 3095 526 3151 laudabiles
539 3096 630 3159 locos,
654 3110 689 3150 ex
702 3093 800 3163 quibus
814 3093 939 3149 collectio
955 3091 998 3145 illa
1012 3106 1087 3147 coiu-
1139 3098 1203 3153 rint.
1224 3096 1255 3145 ut
1265 3089 1421 3145 ostendetur
1434 3088 1555 3146 interius.
1573 3087 1649 3145 Unde
1662 3097 1738 3160 patet
1757 3105 1860 3145 summa
1875 3090 1930 3145 lide

299 3173 377 3238 pacta
392 3174 450 3234 cst,
465 3175 616 3237 opportune
634 3163 714 3220 incidi
737 3163 765 3218 iu
784 3172 912 3233 excerpta
927 3163 1031 3245 aliquot
1053 3176 1087 3217 cx
1138 3160 1270 3230 scriptum
1288 3159 1323 3215 ab
1342 3157 1473 3229 Evagrio,
1493 3159 1620 3230 vigilium
1634 3161 1804 3216 consensisse
1825 3161 1932 3233 syuodo

301 3236 419 3304 antiquis
435 3238 503 3291 actis
520 3235 621 3305 qototo
644 3232 760 3306 synodi,
782 3232 885 3288 scilicet
913 3232 939 3286 in
961 3231 1086 3302 hiityehii
1139 3232 1286 3306 ίγγγαγωες
1302 3229 1443 3300 epistolam
1457 3230 1529 3287 enim
1542 3231 1616 3285 illam
1630 3228 1700 3286 inter
1713 3244 1773 3286 aeta
1787 3231 1882 3304 synodi
1894 3231 1934 3287 lc·

300 3306 441 3375 epistolam
454 3306 487 3361 ad
502 3304 627 3374 ligibum
651 3303 746 3376 (cu'us
766 3317 830 3373 pars
849 3302 970 3372 quccdam
994 3298 1087 3357 Graece
1140 3310 1226 3370 gerat.
1249 3298 1313 3355 llaec
1332 3308 1395 3355 sunt
1417 3299 1524 3369 Evagrii
1538 3300 1621 3357 verba
1638 3298 1714 3373 (tro.
1729 3315 1765 3365 ii,
1781 3317 1840 3372 cop.
1854 3292 1931 3373 ill:

301 3376 405 3498 prototo
427 3383 469 3430 est
490 3375 517 3429 in
540 3373 656 3430 concilio
679 3372 856 3436 Ferentino)
877 3382 905 3427 et
926 3372 1086 3441 rescriptum
1100 3356 1124 3419 C
1139 3374 1240 3436 orfito:
1260 3375 1304 3442 pti
1318 3366 1361 3451 οὖν
1374 3372 1505 3447 ἐγγράφως
1523 3374 1674 3441 συνθέμενος
1686 3411 1694 3435 ,
1707 3370 1865 3453 συνεδρεύειν
1886 3374 1934 3428 οὐκ

325 3443 332 3499 i
352 3444 388 3500 ilii
404 3446 438 3501 ad
451 3444 611 3518 Eutychium
627 3445 701 3515 (qnae
712 3450 820 3499 exstant
834 3442 928 3497 Latine
943 3448 1046 3496 tantum
1061 3442 1087 3497 in
1139 3443 1220 3498 είλετο
1237 3457 1244 3495 :
1266 3440 1376 3510 Viqilmi
1389 3451 1475 3496 uorem
1493 3458 1538 3512 per
1552 3441 1654 3496 litteras
1668 3452 1797 3496 consentit
1808 3442 1932 3509 corratio,

300 3528 335 3570 co
347 3515 446 3571 tatione
458 3516 546 3598 prima
561 3514 631 3569 iltius
649 3528 662 3569 s
682 3512 774 3584 nodi),
799 3520 828 3568 et
842 3512 869 3567 iu
883 3511 1088 3582 quatuordecim
1137 3528 1190 3567 non
1205 3519 1290 3565 mmor
1303 3511 1427 3566 interesse
1439 3512 1527 3565 notuit.
1543 3510 1584 3566 Ex
1595 3510 1689 3566 iisdem
1701 3512 1768 3568 actis
1777 3511 1835 3566 sine
1848 3512 1935 3567 dubio

301 3585 540 3640 anathematismos
554 3530 684 3639 editosal
699 3585 793 3639 cadem
807 3582 921 3654 synodo,
937 3582 982 3651 qui
994 3579 1088 3637 Latino
1138 3582 1286 3637 hauserunt
1300 3578 1429 3645 Photius,
1446 3581 1581 3646 Zonaras,
1597 3580 1750 3648 Cedrenus,
1771 3579 1934 3653 Euthymios

301 3660 406 3709 tantum
433 3655 567 3710 habentur
590 3654 616 3708 iri
643 3652 787 3710 collatione
801 3651 828 3706 8.
850 3652 943 3721 ltaque
962 3650 995 3706 ad
1010 3667 1087 3706 eoin·
1139 3658 1167 3706 et
1185 3651 1367 3721 Nicephorus,
1391 3651 1464 3719 quod
1485 3652 1520 3705 de
1541 3649 1631 3721 vigilii
1650 3666 1786 3707 consensu
1810 3652 1933 3708 tradunt.

299 3724 410 3780 modum
433 3724 615 3781 studiosorum
636 3723 803 3791 antiquitatis
820 3721 1011 3778 ecetestasrtee
1024 3737 1088 3792 por·
1138 3719 1221 3790 Cujus
1234 3734 1382 3776 consensus
1396 3721 1519 3776 meminit
1534 3735 1642 3803 quoque
1664 3730 1742 3778 sexta
1767 3722 1889 3791 synodus
1904 3723 1935 3778 iu

301 3794 387 3850 tinere
410 3794 520 3866 putari,
547 3802 688 3875 postquam
713 3790 809 3860 injuria
834 3801 985 3861 temporum
1009 3792 1088 3847 nobis
1139 3790 1349 3861 prosphonetico
1363 3791 1396 3847 ad
1409 3788 1615 3847 Constantinum
1628 3793 1794 3916 t'oplunatum
1815 3792 1938 3861 impera·

300 3873 422 3918 acturum
446 3862 600 3918 Graecorum
615 3861 711 3918 inuidit
724 3861 873 3930 exemplar,
895 3868 924 3915 ut
936 3860 1032 3916 saltem
1047 3861 1089 3916 his
1138 3870 1245 3926 torem;
1261 3861 1306 3915 ubi
1321 3869 1463 3930 postquam
1479 3861 1570 3916 retulit
1586 3860 1672 3934 Eutye
1692 3861 1715 3917 is
1730 3860 1935 3919 damnationem

300 3930 456 4001 iraqnicutis
475 3931 575 3989 Graecis
590 3948 642 3987 oon
656 3939 782 3987 carerent
802 3948 809 3985 ε
832 3930 965 4001 praecipue
979 3945 1040 3985 cnm
1053 3946 1087 3986 ex
1139 3945 1154 3984 a
1170 3929 1281 3986 beonet
1296 3929 1431 3986 decretam
1444 3930 1536 3992 foisse.
1550 3941 1578 3987 ct
1588 3931 1725 3987 Marciano
1737 3932 1859 4002 principe
1870 3946 1935 3987 cum

300 4004 586 4058 anathematismorum
604 4002 749 4057 collatione
772 4016 833 4056 cuin
851 3999 971 4056 editione
993 3997 1088 4055 battua
1138 4001 1243 4072 synodo
1254 4000 1467 4056 Ctialoedoueosi
1482 4010 1644 4072 susceptam,
1658 4002 1807 4057 baeererba
1821 4000 1936 4070 subjun-

301 4086 354 4126 uon
366 4073 426 4128 leve
432 4072 617 4142 adjumentum
626 4072 676 4127 sibi
687 4068 1088 4141 coiupararepossiotadieram
1138 4080 1257 4139 guntur:
1273 4071 1348 4127 oica
1357 4078 1401 4127 νῦν
1419 4075 1485 4142 μετὰ
1499 4080 1583 4129 ταῦτα
1597 4075 1701 4144 Βεγίίιος
1714 4071 1882 4141 'tormini-ise
1896 4082 1937 4127 τῶ

299 4142 394 4212 synodi
406 4143 565 4199 senitentiam
579 4141 767 4211 indagandam,
779 4139 906 4197 adversus
914 4138 1088 4197 Nestorittuo·
1137 4143 1293 4197 πανευσεὸεε·
1299 4148 1491 4214 repropitiant,
1512 4147 1553 4196 irai
1566 4144 1595 4198 εό
1605 4153 1649 4204 τῆς
1661 4145 1780 4214 πέμπτης
1789 4131 1936 4217 συνέδριον.

300 4225 360 4265 runi
372 4220 400 4267 et
410 4210 636 4283 Eutychiauorum
651 4211 792 4266 versutias.
1139 4215 1170 4266 τὰ
1190 4236 1226 4285 po
1246 4215 1334 4267 αθὲντα
1351 4218 1393 4267 καί
1411 4214 1517 4269 >ordina
1531 4221 1604 4270 τινῶν
1619 4214 1806 4278 &tetransiton
1820 4217 1937 4283 συντάγ-

336 4278 470 4339 Praeterea
484 4299 549 4339 nero
564 4281 722 4337 exhibemus
734 4280 797 4347 tibi,
818 4280 919 4344 lector,
943 4280 1087 4350 epistolam
1138 4304 1209 4354 ματα
1223 4232 1299 4354 idria
1318 4284 1359 4343 irc
1372 4285 1421 4341 πίη
1440 4285 1545 4338 torota.
1567 4282 1632 4349 Qua
1645 4283 1686 4337 sie
1698 4282 1786 4337 reddit
1800 4291 1877 4338 retus
1888 4283 1938 4338 in-

299 4348 399 4421 l'igilii,
412 4367 473 4422 que
486 4353 605 4409 nondum
619 4352 645 4406 in
661 4350 748 4407 lucem
763 4351 871 4419 prodiit,
893 4365 1006 4420 quaeque
1021 4366 1087 4406 auro
1139 4362 1243 4422 terpres
1255 4371 1261 4404 :
1275 4301 1349 4407 sliri
1362 4363 1387 4406 et
1397 4303 1507 4424 tipitoo
1522 4361 1578 4422 post
1592 4350 1802 4408 haciostiniono
1815 4354 1937 4423 piissimo

299 4424 526 4478 cuntraastimari
536 4422 626 4486 debet,
638 4437 690 4492 qua
700 4420 794 4491 synodi
804 4421 903 4491 quintae
913 4430 987 4488 gesta
998 4430 1090 4476 aucto·
1138 4423 1285 4488 consonuit,
1299 4431 1324 4476 et
1334 4424 1450 4495 quintum
1459 4422 1597 4477 concilium
1610 4425 1875 4488 consummaremur
1888 4439 1938 4479 oo·

299 4491 379 4549 ritate
404 4493 475 4548 sedis
495 4492 649 4565 apostolicae
666 4491 868 4547 coidlrmantur.
892 4489 956 4560 Ejus
970 4492 1087 4560 pretium
1138 4508 1197 4545 riori
1210 4492 1332 4562 opusculo
1346 4508 1403 4563 qrioe
1415 4495 1526 4547 latenter
1538 4502 1641 4564 reperto
1654 4502 1724 4559 sunt,
1750 4493 1847 4563 repleto
1866 4493 1938 4547 olio-

300 4560 337 4614 ίίίί
351 4562 403 4618 soli
418 4572 516 4619 norunt
532 4563 629 4632 quibus
638 4571 810 4644 perspectum
824 4569 866 4615 est
879 4569 1008 4629 quantum
1029 4560 1087 4631 ple·
1138 4564 1293 4629 minutione,
1308 4562 1601 4618 oiiotliemotizoreotirr.
1615 4562 1679 4629 Quae
1692 4562 1774 4618 rerba
1789 4562 1939 4626 dupliciter

299 4631 376 4700 rique
389 4632 511 4702 dignitati
525 4631 669 4704 pontificiae
682 4631 826 4686 detrahunt
836 4646 869 4686 eo
881 4632 1001 4695 nomine,
1014 4633 1086 4701 quod
1138 4631 1265 4701 explicari
1281 4641 1404 4703 possunt.
1420 4630 1468 4688 Vel
1482 4633 1535 4688 hoc
1546 4647 1642 4697 seusu,
1659 4641 1689 4688 ut
1702 4631 1809 4688 dicatur
1821 4632 1939 4700 vigilius

299 4700 356 4756 haue
365 4702 459 4771 quinta
472 4703 590 4774 synodus
604 4702 657 4757 rim
672 4709 700 4758 et
713 4700 817 4771 pondus
828 4701 1000 4756 oecumenicae
1014 4700 1087 4756 obti·
1102 4724 1128 4782 D
1140 4702 1168 4755 in
1185 4716 1219 4757 eo
1227 4702 1397 4758 consensisse
1409 4718 1470 4759 cuni
1484 4701 1645 4768 lastiniam,
1662 4711 1691 4758 ut
1701 4702 1844 4757 concilium
1860 4701 1938 4757 indi·

299 4771 403 4839 puerit,
419 4773 482 4828 ticet
495 4773 655 4828 renitentem
670 4770 794 4839 vigilium
810 4768 1027 4852 lueritexperta,
1041 4771 1087 4840 qui
1139 4779 1247 4828 ceretiir
1256 4770 1290 4826 ad
1299 4771 1500 4828 damnationem
1511 4773 1592 4828 trium
1602 4773 1796 4844 capitulorum3
1807 4773 1938 4840 orionis

298 4842 393 4896 rnaliiit
404 4844 524 4897 exsilium
536 4843 600 4912 pati,
616 4857 696 4911 qnam
706 4838 833 4909 suffragiu
847 4856 897 4895 suo
907 4839 978 4895 illius
991 4839 1087 4896 delini·
1138 4839 1260 4911 pontifex
1277 4842 1304 4896 in
1323 4843 1460 4897 contraria
1473 4844 1605 4899 sententia
1626 4844 1784 4914 perstiterit.
1808 4842 1855 4896 Vel
1874 4842 1935 4902 illo.

299 4910 401 4967 tionem
415 4913 576 4983 approbare.
591 4910 737 4967 Contendit
756 4911 863 4982 quidem
889 4910 1086 4966 illustrissimus
1139 4919 1170 4966 ut
1180 4912 1291 4967 omuino
1304 4910 1521 4969 cnmJnstioiano
1533 4913 1700 4969 consenserit
1715 4923 1768 4967 tam
1784 4913 1810 4966 in
1823 4913 1936 4968 concilii

298 4983 433 5037 annalium
447 4982 618 5038 conditores
632 4981 747 5051 siagrio
761 4989 790 5037 et
800 4980 905 5037 catoris
919 4979 1083 5045 auctoribus,

299 5052 483 5108 coulirmatam
494 5052 575 5107 luisse
587 5051 719 5125 synodum
733 5050 866 5120 avigitio,
881 5049 927 5105 sed
942 5064 1001 5105 eain
1011 5065 1086 5106 oom-

300 5123 485 5190 probatiooem
507 5124 533 5177 in
549 5122 575 5179 id
590 5130 694 5192 tenipus
714 5121 823 5176 dilatam
845 5135 899 5189 quo
922 5119 1034 5188 vigilius
1051 5121 1085 5176 ab

299 5192 394 5248 exsilio
407 5193 511 5248 solutus
524 5203 577 5259 est,
590 5200 703 5261 rogante
716 5191 829 5246 Narsete
839 5189 924 5255 duce,
939 5200 1001 5260 post
1015 5190 1083 5247 libe·

1140 4979 1286 5036 indictione
1306 4996 1387 5051 quatu
1402 4984 1428 5038 in
1444 4984 1524 5038 trium
1544 4982 1723 5054 capitulorum
1744 4984 1934 5038 damnatione.

1139 5051 1204 5117 Quae
1217 5051 1310 5107 ultima
1329 5052 1473 5122 explicatio
1496 5054 1646 5110 necessaria
1661 5060 1718 5117 est,
1740 5068 1774 5107 ue
1792 5053 1814 5108 si
1836 5054 1935 5174 primae

1139 5120 1304 5186 haereamus,
1327 5122 1445 5177 alienum
1464 5122 1605 5179 rideantur
1624 5139 1638 5178 a
1655 5133 1746 5178 mente
1767 5138 1815 5177 sna
1857 5131 1936 5179 atres

1138 5192 1293 5260 exemplum
1307 5194 1466 5263 protulisse,
1482 5202 1510 5248 ct
1524 5193 1603 5262 longe
1617 5194 1709 5263 dispar
1723 5193 1747 5247 ri
1762 5193 1834 5261 quod
1846 5208 1934 5263 supe·

299 5270 385 5316 ratim
395 5280 410 5316 a
420 5263 636 5321 Gothisltaliam.
644 5260 697 5317 Sed
707 5276 775 5331 opus
786 5260 824 5315 itti
836 5268 962 5328 estthuo
971 5260 1083 5325 tectore,

300 5331 385 5398 quise
397 5334 559 5401 conjecturis
572 5333 598 5388 in
610 5347 641 5388 re
655 5331 721 5386 tanti
735 5329 864 5386 momenti
873 5330 932 5384 duci
945 5331 1063 5400 patiatur
1075 5347 1082 5384 ε

300 5415 361 5453 eum
374 5414 484 5458 econtra
498 5405 624 5474 excipere
638 5402 712 5457 soliti
726 5401 780 5454 sint
793 5415 846 5455 non
862 5399 948 5454 solum
971 5412 1085 5455 nocato·

300 5483 353 5534 res,
364 5471 411 5524 sed
425 5475 505 5526 etiam
518 5473 638 5544 plerique
647 5471 819 5526 eruditissimi
830 5470 891 5531 viri,
900 5484 1005 5524 errasse
1013 5468 1086 5524 Grae·

299 5554 347 5593 cos
365 5541 527 5609 scriptores,
549 5546 594 5612 qui
610 5543 644 5597 dc
658 5556 791 5597 consensu
807 5539 893 5608 vigilii
914 5540 1083 5609 loquuntur;

300 5611 361 5678 quia
375 5620 482 5665 constat
492 5628 526 5666 ex
541 5613 697 5677 Anastasio,
708 5612 815 5682 pulsum
830 5611 857 5664 in
872 5610 996 5665 exsilium
1008 5626 1023 5663 a
1036 5609 1085 5663 Ju-

299 5679 417 5733 stiuiaiio
427 5695 487 5735 enni
501 5681 604 5748 aliquot
616 5682 759 5752 episcopis,
771 5680 843 5751 quod
855 5696 868 5736 s
879 5681 957 5736 nodo
970 5679 1086 5749 refraga-

301 5757 396 5810 cmurt
419 5748 489 5806 uude
509 5758 650 5807 revocatus
664 5760 706 5807 est
721 5750 847 5822 precibus
862 5698 1043 5809 llomanorum
1058 5759 1087 5808 ct

1138 5261 1254 5317 rioribus
1267 5263 1356 5318 verbis
1371 5272 1584 5334 proposuerunt,
1595 5264 1629 5319 de
1643 5278 1774 5319 consensu
1787 5262 1886 5319 Leonis
1905 5270 1935 5318 et

1138 5328 1277 5397 Marciani,
1289 5332 1425 5402 totiusque
1436 5333 1540 5405 synodi.

1172 5398 1217 5456 ίΙΙ.
1233 5400 1278 5456 llis
1289 5402 1351 5457 addi
1363 5412 1453 5474 potest
1462 5404 1589 5459 eximium
1600 5402 1700 5472 Pelagii
1712 5402 1732 5457 ll
1745 5404 1933 5458 testimonium

1138 5485 1171 5526 ex
1188 5471 1301 5541 epistola
1315 5472 1348 5527 ad
1362 5474 1502 5542 episcopos
1521 5474 1605 5529 lstriac
1620 5473 1696 5544 (Cap.
1712 5474 1756 5543 7),
1771 5472 1847 5539 eujus
1861 5474 1933 5529 adeo

1139 5551 1232 5611 aperta
1246 5551 1309 5597 suot
1322 5544 1415 5610 rerba,
1430 5552 1461 5597 ut
1471 5544 1562 5599 mirari
1572 5545 1667 5600 subeat
1680 5559 1733 5612 qua
1743 5544 1847 5597 ratione
1856 5546 1933 5599 riros

1139 5612 1239 5680 atioqni
1253 5613 1498 5681 perspicacissimos
1511 5613 1609 5685 sugerit
1619 5623 1673 5669 tam
1682 5614 1932 5683 expressidel'igi·

1141 5682 1176 5736 tio
1190 5684 1333 5736 sententia.
1351 5681 1457 5737 Etenim
1473 5685 1584 5753 prolixis
1593 5685 1683 5740 verbis
1698 5685 1734 5739 ibi
1744 5684 1872 5753 rescitur,
1885 5700 1933 5741 se·

1140 5752 1201 5808 dciii
1209 5752 1382 5825 apostolicam
1391 5768 1438 5817 per
1453 5752 1576 5827 lipidam
1586 5755 1663 5812 initio
1674 5755 1782 5830 quidem
1798 5756 1931 5826 probasse
