4059 6184
163 179 221 239 m
411 222 414 231 ,
869 171 1134 235 pentecostem.
1757 186 1812 243 tte

162 295 259 367 lnquit
265 292 446 352 Cassiodorus
457 297 466 363 l
471 293 527 350 lli.
543 293 604 349 Dis.
617 293 695 360 bitu,
709 310 770 365 cop.
785 292 843 363 28),
856 297 962 375 eprotis
978 297 1000 355 il
1013 310 1082 363 cere,
1096 305 1121 351 et
1134 295 1225 351 mundi
1239 295 1301 352 uitia
1315 312 1481 365 uanumare;
1495 297 1574 355 uitam
1585 306 1738 370 praesulem
1749 316 1810 354 eorr-

162 366 443 437 perpendemus
457 365 594 426 facillime,
611 365 763 434 utopiuor,
786 373 961 433 arguettssa·
1019 374 1140 432 temnere,
1156 368 1291 437 clintune
1309 367 1475 423 beatitudiuis
1514 370 1593 423 audie
1607 385 1707 440 semper
1720 372 1811 442 capai-

163 436 212 491 nis
236 444 266 492 ct
278 436 349 492 bene
373 436 535 492 habentibus
550 451 600 491 usn
620 436 743 491 carnium
758 449 871 505 prorsus
881 435 966 490 lusisse
1016 451 1094 489 rere:
1109 436 1144 489 od
1157 447 1316 506 postremum
1329 439 1412 509 ipsius
1426 387 1548 509 tempduu
1570 440 1638 509 fieri,
1654 441 1728 510 eujus
1739 441 1810 494 lmu-

164 505 352 562 interdictum.
1016 506 1102 577 picem
1114 506 1229 562 conditio
1243 508 1358 562 humana
1371 510 1492 580 suscepit.
1509 508 1609 564 l'errrm
1622 510 1714 579 plures
1732 511 1816 567 mira.

202 576 316 646 insuper
340 592 355 630 a
379 575 494 648 piscium
521 576 689 632 comestione
711 575 894 640 abstinuisse,
921 574 965 630 vel
1016 578 1809 648 turosnontemcresuspicoreocandoremorurneluxisse,

163 655 243 702 cerle
253 648 286 701 iis
296 648 377 702 rebus
391 648 466 703 nesci
481 663 535 702 non
550 648 587 702 ita
603 647 787 709 consuevisse,
803 647 901 715 alianis
915 661 965 701 nec
1016 659 1050 700 co
1064 644 1193 713 flagrasse
1207 646 1314 703 fervore
1328 649 1426 704 meotis
1440 648 1610 705 vivarienses
1624 665 1677 704 non
1692 665 1805 719 paitcos,

166 717 317 785 irruongrue
338 716 431 772 ioman
445 733 479 773 ex
493 718 612 786 subjecta
627 717 726 771 ibidem
747 717 881 771 sententia
907 716 965 771 col·
1016 723 1047 771 ut
1062 730 1097 770 ex
1111 717 1280 773 coenobitiee
1292 718 1394 773 militiae
1408 721 1505 774 castris
1518 719 1551 772 ad
1565 720 1727 787 singularem
1743 726 1809 775 alra-

164 786 212 855 ligi
239 802 321 857 posse
343 789 493 857 putaverit;
516 789 553 843 ait
574 788 646 843 enirn
671 786 787 841 Sertator
815 785 963 859 (ibidemlz
1016 787 1188 841 cboretarum
1200 801 1316 858 pugnam
1330 799 1420 843 contra
1434 790 1583 859 spiritualia
1597 792 1728 860 nequitia,
1747 791 1808 845 vel·

166 854 654 929 Qualeestloupueutescolumlrorum
668 857 760 939 fetibus
775 857 905 921 erronice,
919 867 965 910 aut
1015 857 1055 911 uli
1077 858 1181 913 emeriti
1210 859 1375 914 transierint.
1412 858 1532 927 Quorum
1556 869 1619 915 vota
1642 876 1703 915 cum
1727 870 1809 916 antea

163 926 279 997 piscibus
290 927 372 982 alere.
388 928 464 984 lianc
477 937 566 983 tanuen
582 928 691 982 lectoris
708 926 810 996 iudicio
832 926 966 995 permitti·
1016 928 1203 998 prospexisset
1217 928 1405 993 Cassiodorus,
1431 930 1513 985 cellas
1526 930 1559 983 ad
1573 931 1749 985 eremitarum
1762 946 1809 986 se·

165 1012 228 1052 mus
238 998 443 1067 conjecturam,
466 1007 495 1053 ut
509 998 542 1052 ud
557 997 745 1053 sollicitudinis
756 1012 837 1065 quam
852 996 964 1052 inlirutis
1015 1010 1121 1052 cessum
1138 999 1164 1053 in
1179 996 1288 1054 Castelli
1304 999 1652 1069 monrlseulrntnelusserat
1662 999 1807 1057 autumn:

163 1070 308 1123 monacbis
321 1068 427 1124 solebat
436 1070 519 1123 abbas
528 1067 692 1137 impendere,
704 1066 964 1122 commendationem
1019 1066 1160 1135 «Habetis,
1174 1069 1262 1139 inquit
1285 1066 1356 1138 (Lib.
1375 1070 1434 1124 Diu.
1452 1069 1526 1134 Litu,
1552 1088 1610 1141 cop.
1626 1070 1683 1140 iiii,
1708 1073 1809 1128 motuis

164 1140 273 1193 anicitus
287 1140 495 1208 orationemque
505 1147 706 1193 cottvcrtamus.
1015 1135 1125 1193 Castelli
1149 1149 1254 1194 secreta
1269 1141 1375 1206 suavia,
1405 1150 1434 1195 ut
1448 1140 1519 1195 uelut
1540 1142 1715 1206 anachoritas,
1738 1157 1808 1211 prac-

201 1208 218 1281 fi
240 1207 370 1263 xxxtlll.
387 1207 476 1262 Pietas
491 1207 710 1277 Cassiodorierpa
725 1208 820 1279 [ratres
833 1206 962 1277 infirmos.
1016 1216 1106 1263 stante
1121 1210 1246 1274 Domino,
1271 1211 1387 1266 leliciler
1408 1226 1468 1268 esse
1491 1214 1614 1279 possetis.
1636 1210 1808 1281 Quapropter

164 1276 307 1335 Fratribus
321 1279 364 1335 bis
374 1279 599 1333 valetudinarium
613 1292 686 1333 curae
709 1292 769 1332 esse
782 1278 867 1332 uoluit
890 1276 961 1349 (lto.
1014 1287 1106 1347 aptum
1121 1280 1173 1334 erit
1185 1281 1264 1335 vobis
1280 1281 1381 1348 eligere
1403 1281 1568 1343 exercitatis,
1583 1281 1693 1350 jamque
1706 1282 1806 1351 proba-

164 1347 228 1402 [ιιι.
240 1348 318 1414 bitu,
331 1365 390 1419 cap.
403 1348 460 1418 ill,
475 1349 521 1418 qui
531 1348 664 1403 medicam
678 1348 762 1419 probe
776 1348 907 1403 callerent
919 1364 964 1403 ar·
1015 1349 1124 1403 tissinris
1149 1350 1213 1405 illud
1236 1352 1429 1420 babitaculum,
1444 1351 1468 1408 si
1481 1352 1555 1422 prius
1569 1352 1594 1405 in
1610 1351 1692 1408 corde
1715 1361 1806 1409 vestro

164 1427 233 1483 tent,
245 1428 374 1489 mumque
384 1432 448 1487 erga
460 1419 582 1475 iulirmos
592 1418 723 1474 charitate
735 1428 919 1481 moverentur,
934 1428 964 1473 ut
1014 1416 1096 1473 luerit
1104 1431 1270 1490 praeparatus
1283 1436 1422 1477 ascensus.
1434 1442 1444 1474 r

164 1488 172 1542 i
208 1490 234 1543 is
248 1491 352 1544 nullum
366 1489 456 1554 studii,
473 1489 576 1545 nullum
589 1489 698 1560 pietatis
711 1488 829 1544 odicium
843 1489 961 1544 deesset.
1051 1489 1064 1560 5
1087 1489 1152 1545 llll.
1174 1489 1243 1553 Quos
1257 1489 1427 1547 Cassiodorus
1438 1494 1579 1547 tuouuclrus
1590 1490 1670 1547 tttras
1683 1493 1804 1548 ediderit.

237 1560 298 1615 ibus
310 1562 498 1627 aegrotantium
512 1560 718 1616 necessitatibus
727 1559 767 1614 sic
781 1559 831 1613 bos
842 1559 964 1615 medicos
1013 1559 1099 1626 Quam
1116 1561 1176 1614 ritae
1199 1562 1335 1617 rationem
1347 1571 1349 1575 ’
1362 1578 1423 1618 cum
1443 1563 1586 1619 coenobitis
1605 1571 1635 1617 ul
1649 1563 1806 1618 monasterii

161 1629 252 1684 voluit
264 1630 418 1693 subvenire,
436 1640 466 1685 ut
484 1631 517 1685 iis
537 1646 591 1686 noo
606 1629 693 1685 tacitis
705 1628 786 1684 ruodo
798 1628 960 1684 tolerabilis·
1013 1630 1149 1693 lanciator,
1165 1640 1195 1685 ut
1209 1633 1303 1698 abbas,
1319 1640 1349 1685 ut
1359 1633 1488 1701 magister
1502 1633 1646 1688 instituerit
1659 1633 1805 1687 Cassiodo-

162 1715 229 1771 qne,
244 1701 334 1756 sedet
348 1699 434 1755 dulcis
448 1715 481 1757 ao
487 1700 622 1770 jucundus
632 1701 743 1755 morbos
754 1698 811 1770 ipse
821 1701 888 1753 mira
900 1716 961 1755 mo-
979 1679 997 1735 Β
1011 1715 1059 1756 rus
1070 1701 1201 1756 hactenus
1214 1702 1407 1772 expcndirnus3
1427 1719 1499 1759 nunc
1511 1719 1576 1759 vero
1589 1718 1605 1757 a
1618 1701 1806 1759 conversionis

162 1771 315 1826 traebornm
330 1770 473 1825 sedulitate
493 1769 663 1826 redderetur.
676 1772 766 1839 Atque
780 1778 809 1823 ut
822 1770 900 1839 aegris
913 1786 959 1826 so·
1010 1771 1134 1835 exordio,
1157 1772 1221 1842 quid
1248 1774 1368 1843 privatus
1390 1775 1486 1843 egerit,
1510 1789 1591 1843 quam
1610 1772 1707 1833 fauste.
1722 1787 1805 1842 quam

162 1839 331 1897 ladaornnia
345 1856 361 1895 e
374 1842 541 1897 monasterio
551 1855 601 1896 suo
624 1849 652 1895 et
662 1856 716 1896 non
737 1839 845 1895 aliunde
858 1855 958 1911 suppe-
1009 1841 1153 1908 diligenter
1166 1843 1284 1897 animum
1299 1844 1443 1899 contulerit
1455 1846 1489 1899 ad
1503 1858 1640 1913 sacrarunt
1653 1842 1742 1899 studia
1756 1843 1804 1899 lit-

161 1910 325 1978 diparentnr,
353 1919 487 1968 statuerat
508 1926 524 1967 a
547 1909 675 1967 iratribus
700 1910 868 1966 inllrmorum
887 1926 961 1966 curre
1010 1920 1141 1979 terarum,
1154 1914 1365 1969 consideremus.
1381 1912 1500 1969 Priruum
1512 1915 1619 1984 quidem
1634 1913 1805 1981 Psalrnogra-

161 1980 302 2052 deputatis
327 1998 382 2037 non
404 1982 601 2049 prescribenda
629 1989 743 2044 tantum,
768 1982 959 2038 verumetiam
1030 1982 1092 2035 burn
1115 1984 1313 2039 commentario
1336 1986 1455 2054 suscepit
1481 1983 1680 2045 illustrandum
1705 1983 1805 2040 deinde

161 2052 334 2107 conlicieoda
346 2052 542 2107 predicamenta
552 2069 559 2117 ;
568 2051 690 2122 adeoque
702 2051 960 2108 naturamrirtutcs
1009 1996 1093 2106 fibros
1107 2052 1190 2106 edidit
1200 2054 1234 2108 de
1249 2054 1349 2108 [lirinis
1363 2064 1391 2109 et
1401 2055 1526 2109 immanis
1536 2053 1663 2117 liittcris;
1681 2061 1736 2108 tum
1750 2053 1804 2109 alia

161 2136 216 2191 qne
228 2122 378 2177 herbarum
388 2124 422 2177 ab
432 2123 473 2178 eis
485 2123 674 2178 addiscendas.
688 2121 802 2176 lletabat
817 2130 906 2176 tamen
917 2122 959 2177 uir
1009 2136 1103 2191 opera,
1120 2138 1180 2192 nure
1194 2124 1220 2177 in
1237 2124 1393 2192 praelatione
1408 2125 1468 2179 liltri
1483 2124 1517 2179 de
1530 2124 1739 2192 Ortltograplria,
1750 2123 1804 2179 hoc

161 2192 311 2263 piissimus,
326 2192 959 2261 aterreuisadcoelestindiscipnlorumaniruos
1009 2200 1151 2247 enumerat
1178 2194 1295 2248 ordine:
1324 2193 1390 2248 Post
1413 2202 1558 2249 commenta
1590 2194 1721 2254 inalterli,
1746 2192 1802 2256 abi,

160 2276 274 2346 semper
286 2264 393 2332 erigere
416 2264 512 2318 solitus
526 2280 581 2326 :ue
596 2270 721 2332 ponerent
737 2263 765 2316 iu
776 2262 860 2316 lterbis
875 2279 957 2333 spem,
1009 2271 1150 2332 prestante
1163 2262 1286 2327 Domina,
1298 2265 1473 2318 conversionis
1491 2280 1554 2319 rrrear
1564 2271 1679 2331 tempore
1689 2262 1803 2332 primunt

161 2343 206 2387 ιιι
217 2350 246 2388 ιιι
263 2333 385 2388 ducianis
396 2334 512 2388 consiliis
525 2334 687 2404 sospitatem.
702 2330 774 2386 Nom
784 2332 958 2405 quantrdsrrre·
1009 2334 1122 2386 studium
1133 2332 1231 2387 laboris
1244 2334 1367 2403 impendi.
1383 2334 1413 2387 2⁰
1425 2334 1525 2388 Deinde
1540 2343 1597 2404 post
1616 2334 1801 2396 institutiones,

160 2402 249 2458 deine
264 2404 395 2475 lepclmu
408 2403 520 2458 domino
533 2405 682 2463 constituto,
707 2406 762 2470 ipse
781 2413 865 2456 tumen
879 2418 958 2457 sanos
1043 2402 1225 2457 entadruodnm
1251 2405 1345 2458 diuinae
1368 2415 1393 2458 et
1414 2406 1536 2459 innormare
1557 2404 1666 2458 debeant
1691 2404 1802 2473 inlellipi

160 2475 248 2545 efficit,
268 2476 313 2545 qut
326 2476 405 2529 eitam
427 2477 484 2528 sine
497 2474 551 2544 gine
560 2473 678 2527 concedit
694 2471 763 2540 (Lib,
780 2471 867 2527 Dicin.
881 2471 956 2539 Litu,
1020 2476 1132 2527 ectioues
1146 2474 1243 2528 duobus
1253 2474 1337 2540 libris,
1351 2483 1379 2529 ut
1393 2476 1495 2544 opinor,
1510 2475 1665 2543 srrptclerster
1678 2475 1800 2541 impletis,

160 2560 219 2614 esp.
235 2544 296 2616 5¹}-
310 2543 444 2599 Forendis
455 2560 562 2614 quoqne
571 2543 651 2611 agris
667 2542 828 2624 corporibus
838 2540 957 2596 exaedifi-
1008 2541 1051 2595 abi
1062 2544 1120 2609 plur
1133 2543 1254 2598 utilitatis
1262 2546 1375 2599 inuenies
1385 2562 1462 2617 quum
1476 2545 1585 2599 decoris.
1597 2545 1628 2598 5⁰
1644 2543 1706 2598 rost
1721 2559 1801 2612 expo·

159 2623 273 2670 cavent
285 2614 383 2669 balnea
396 2633 402 2669 :
414 2615 457 2669 uiri
472 2615 582 2686 fontium
593 2614 763 2684 perspicuitas
770 2613 887 2666 deserum
897 2613 958 2667 itta·
1009 2613 1129 2667 silioucm
1149 2613 1276 2679 Epistolae
1296 2632 1353 2686 pum
1372 2616 1492 2670 scribitur
1513 2618 1548 2668 od
1569 2614 1718 2677 diametros,
1732 2614 1802 2668 raude

159 2682 279 2750 dsistam
295 2693 387 2756 puoeet
400 2687 472 2756 ponti
497 2686 646 2756 pertissima
667 2681 901 2755 capnoscebulurel
914 2684 956 2736 lo·
1009 2680 1161 2753 Pelopianoe
1174 2686 1300 2739 diaeceseos
1321 2686 1461 2754 pravitates
1475 2686 1569 2745 amoni,
1584 2685 1652 2754 quod
1673 2686 1749 2737 ctiam
1773 2685 1802 2737 iu

158 2757 243 2809 weris
273 2754 331 2810 Lib.
343 2753 404 2809 bts.
419 2754 496 2823 luc,
511 2772 569 2825 cop.
582 2752 638 2824 29).
1008 2754 1107 2813 reliano
1117 2757 1300 2808 corrtmeutario
1314 2759 1400 2825 [arere
1412 2766 1545 2825 sepientes
1557 2756 1689 2808 cdnrouni.
1699 2752 1730 2804 ιο
1738 2752 1803 2808 Post

285 2824 378 2880 ltt‘tlt.
394 2825 484 2880 Pietas
497 2826 715 2894 Cassiodoricrpa
727 2824 841 2894 hospites
851 2830 958 2944 elpere-
1009 2823 1123 2878 codicem
1135 2826 1163 2878 in
1186 2842 1235 2894 quo
1249 2836 1319 2879 artes
1337 2824 1432 2881 Donati
1455 2842 1513 2879 cum
1527 2826 1677 2879 contuentia
1695 2826 1759 2887 suis,
1775 2831 1802 2875 et

158 2911 260 2961 aratos.
268 2896 390 2962 Qualiter
403 2908 493 2950 autem
506 2896 615 2965 pietatis
635 2904 662 2949 et
677 2893 877 2947 bumanitatiso
899 2892 957 2947 iciis
1008 2892 1102 2946 lidrrrm
1116 2895 1148 2947 de
1164 2893 1344 2965 Etpmolopiis,
1359 2906 1384 2949 et
1397 2896 1477 2949 alium
1491 2894 1585 2949 librant
1598 2892 1749 2948 Sacerdotis
1769 2893 1802 2946 de

158 2956 286 3036 hospites
296 2975 325 3021 et
339 2966 496 3035 peregrinos
509 2967 646 3035 exciperet
658 2963 703 3018 vel
717 2965 743 3019 td
758 2979 841 3018 unum
857 2962 956 3018 iudicio
1009 2961 1200 3029 Sciremalibur,
1223 2963 1335 3020 bordino
1349 2977 1500 3034 prastause,
1515 2965 1624 3036 collepi:
1639 2973 1667 3017 ut
1681 2962 1801 3017 instructi

158 3043 211 3097 est,
234 3036 311 3105 quod
325 3051 373 3092 eos
384 3043 446 3090 aule
463 3037 549 3090 onruia
571 3035 669 3105 suscipi
691 3034 862 3103 precepisset
885 3032 956 3101 (tlt.
971 3053 994 3117 c
1009 3033 1140 3102 simplices
1161 3037 1264 3105 fratres,
1280 3035 1321 3089 udi
1335 3036 1421 3090 simile
1433 3037 1521 3106 luent,
1542 3034 1638 3089 sinrdia
1662 3033 1730 3087 dicta
1744 3034 1801 3087 sius

158 3103 252 3161 Dicin.
267 3105 345 3175 litu,
360 3122 418 3188 cap.
434 3105 490 3177 δι).
505 3104 607 3173 Quibus
625 3105 806 3158 suttaudoruut
832 3101 955 3158 iulirmo·
1010 3104 1161 3173 confusione
1172 3106 1325 3174 percipiant.
1342 3105 1374 3158 5⁰
1392 3107 1455 3159 i'osl
1477 3106 1571 3159 librum
1594 3119 1692 3176 quoque
1714 3103 1802 3157 titulo·

158 3190 220 3230 runt
245 3174 373 3244 fratrum,
390 3178 422 3230 tis
435 3176 517 3232 eliam
529 3173 664 3246 hospitum
675 3174 837 3229 curamideo
849 3173 958 3226 deman·
1008 3189 1077 3231 runt,
1092 3189 1165 3242 quem
1177 3176 1208 3228 de
1217 3175 1306 3229 diriua
1315 3176 1452 3246 Scriptura
1464 3177 1607 3239 calcetam,
1623 3172 1802 3228 ilemerialent

157 3245 349 3314 daratliiid„
364 3263 423 3316 rap.
438 3246 499 3315 ιιι),
514 3253 543 3300 ul
556 3247 579 3300 si
589 3244 634 3316 qni
656 3243 725 3299 lorte
740 3258 796 3314 pne
809 3243 957 3312 asperitate
1008 3242 1078 3296 colui
1101 3246 1262 3314 uuttcupuri,·
1290 3254 1318 3299 ut
1345 3245 1456 3300 breoilm
1474 3256 1566 3300 cancta
1581 3244 1801 3314 percurraul,qui

160 3316 279 3383 itineris,
291 3327 339 3371 aut
358 3315 453 3386 quavis
471 3315 629 3384 aegritudine
655 3314 815 3378 delicerent,
829 3312 957 3368 remediis
1008 3312 1092 3383 tepere
1114 3317 1218 3382 proliaco
1238 3315 1386 3386 fastidiant.
1415 3315 1447 3369 6ι
1476 3317 1539 3370 inst
1559 3315 1748 3384 complexiones
1772 3314 1800 3368 iu

158 3387 255 3441 statim
269 3396 459 3443 recrearentur
470 3386 636 3442 certissimis.
653 3384 718 3450 erur
733 3393 762 3437 ut
775 3383 901 3438 alacriori
914 3381 956 3437 ol·
1007 3380 1135 3450 Epistolis
1160 3388 1345 3452 apostolorum,
1371 3396 1396 3438 rt
1422 3384 1528 3439 Actibus
1560 3385 1752 3452 apostoloram,
1775 3390 1801 3438 et

158 3456 263 3512 lerrent
273 3459 375 3520 animo,
393 3475 435 3525 ea,
456 3457 519 3510 dnm
532 3456 675 3527 pereprinis
688 3462 885 3524 praeparantur,
896 3453 956 3522 fieri
1007 3452 1174 3523 Apocalypsi,
1190 3456 1263 3525 quasi
1279 3453 1440 3510 lectissimas
1455 3457 1650 3526 explanationes
1665 3455 1799 3508 decursas.

158 3529 276 3582 coelestia
290 3527 428 3581 dictitabat
443 3526 537 3596 (lota,
552 3543 610 3593 cop,
624 3523 682 3595 ιιι).
986 3562 988 3566 ,
1007 3519 1039 3574 ἰι
1052 3524 1092 3576 dd
1105 3526 1297 3578 amantissimos
1316 3526 1503 3595 orllroprapiros
1530 3522 1704 3579 discutiendos
1729 3538 1799 3578 auno

232 3595 354 3652 XXXIX.
373 3597 452 3651 dubet
465 3614 525 3652 suos
539 3596 749 3665 contemplationi
760 3603 786 3649 et
799 3593 850 3666 piis
865 3592 956 3648 lectio-
1007 3595 1093 3647 o‘tntis
1108 3612 1171 3647 ruere
1185 3595 1229 3659 ds,
1248 3595 1358 3649 licutino
1369 3595 1518 3666 adjurante,
1530 3596 1643 3665 perreni.

159 3671 187 3721 r'
206 3685 237 3724 ss
256 3685 360 3723 uacare.
387 3668 516 3734 Quarrnris
539 3668 709 3721 sanctissima
733 3676 834 3729 esseut,
859 3664 956 3732 quibus
1045 3662 1159 3734 gxtlt.
1181 3664 1237 3728 Quo
1252 3666 1343 3720 onliue
1357 3664 1685 3735 lidrossuoscomposusrit
1698 3661 1802 3718 Cassio·

158 3738 211 3794 sub
224 3748 323 3794 sancto
337 3740 465 3806 magistro
480 3736 651 3792 lliraricnses
665 3735 862 3791 distinebantur
875 3733 956 3788 mini·
1007 3733 1095 3788 dorus.
1111 3733 1258 3790 luculenta
1274 3737 1395 3805 prolecto
1410 3737 1467 3791 baec
1481 3735 1562 3791 verba
1576 3743 1639 3789 sunt
1653 3746 1681 3790 ct
1695 3734 1801 3803 perspi·

159 3808 254 3873 steria,
268 3824 324 3879 quo
335 3817 426 3863 tamen
441 3809 527 3877 magis
537 3823 570 3862 ac
584 3807 670 3875 tnagis
680 3806 706 3860 in
716 3804 876 3861 siavirtutis
890 3819 955 3873 pro·
1006 3819 1076 3859 cua:
1093 3820 1128 3859 an
1154 3815 1254 3868 maneri,
1271 3822 1351 3877 qtrem
1366 3806 1447 3861 modo
1466 3806 1659 3867 recensuimus,
1675 3804 1798 3859 ordinent

159 3878 302 3944 cederent,
314 3894 362 3935 eos
371 3879 408 3933 ita
423 3879 516 3933 labore
529 3892 657 3932 mannum
668 3876 822 3940 exercebat,
838 3883 868 3929 nl
877 3874 955 3942 jube·
1006 3873 1034 3928 in
1049 3889 1160 3945 operum
1172 3876 1290 3932 editione
1300 3877 1336 3931 sit
1349 3875 1649 3938 secutusCassiodorus,
1660 3873 1800 3929 dubitandi

160 3958 203 4003 ret
214 3951 300 4005 certis
313 3949 395 4004 eliam
409 3949 567 4004 borissacro
580 3961 677 4001 vacare
687 3947 753 4009 otio,
767 3948 793 3998 in
807 3954 955 4013 conspectu
1006 3959 1099 4025 nursam
1115 3946 1157 4000 rel
1173 3946 1237 4000 illud
1255 3962 1337 4001 unum
1350 3946 1467 4028 praebet,
1483 3945 1557 4015 quod
1576 3944 1603 3999 in
1620 3945 1756 4015 prioribus
1768 3943 1801 3997 li·

161 4018 269 4074 bamini
281 4036 330 4076 cor
352 4020 380 4074 in
394 4019 562 4075 orationibus
576 4016 730 4081 aliundene,
743 4016 841 4071 mentis
856 4029 955 4069 arcana
1005 4014 1062 4069 brts
1076 4031 1169 4070 earum
1181 4016 1263 4070 iaciat
1276 4025 1450 4081 rrretrltonern,
1469 4032 1538 4086 quos
1558 4018 1639 4084 longo
1654 4023 1716 4082 post
1728 4021 1799 4067 tent·

159 4087 217 4144 lieo
227 4100 325 4146 concta
337 4089 635 4160 perspicientiaperire,
647 4088 707 4156 pios
720 4086 812 4150 libros,
824 4085 955 4152 Regulam
1005 4085 1080 4154 poris
1094 4093 1181 4141 tractu
1201 4087 1341 4156 scripsisse
1355 4103 1385 4143 se
1406 4095 1611 4141 conterremorat.
1627 4084 1661 4138 tn
1684 4089 1758 4139 certe
1772 4084 1800 4139 iu

158 4162 321 4243 presertim,
334 4176 385 4216 nec
399 4176 453 4215 non
464 4169 493 4216 et
506 4157 671 4214 Collationes
684 4155 804 4211 Cassiani
817 4197 825 4224 ,
849 4157 956 4224 aliaque
1005 4152 1365 4277 predationeCommeutarii
1376 4157 1402 4212 in
1413 4155 1534 4212 Psalmm
1544 4156 1639 4211 librum
1652 4154 1687 4210 de
1698 4152 1800 4209 Divinis

159 4229 187 4285 td
200 4245 288 4298 gertus
301 4230 436 4286 uolumina
449 4229 583 4300 frequenti
596 4243 676 4283 mann
688 4226 911 4295 uersare,qnibns
921 4225 955 4279 ad
1029 4224 1114 4280 itteris
1126 4227 1192 4282 citat
1204 4227 1229 4280 iu
1245 4226 1303 4280 bace
1318 4228 1399 4281 rerba
1416 4243 1423 4278 ε
1437 4225 1479 4281 De
1492 4228 1565 4296 cuius
1577 4225 1732 4296 eloquentia
1744 4240 1800 4279 uto·

158 4301 370 4356 resturationis
394 4316 517 4356 normam
537 4314 627 4354 mores
638 4306 844 4371 componerent,
856 4310 955 4365 pravos
1005 4295 1046 4349 dis
1061 4296 1134 4349 usalti
1154 4295 1249 4350 Patres
1261 4296 1341 4350 iatius
1358 4297 1533 4367 prolixiusque
1546 4295 1678 4359 dicerunt,
1725 4310 1800 4350 orant

157 4371 244 4426 animi
263 4372 422 4428 cohiberent
444 4370 566 4435 allectus,
583 4378 611 4425 et
628 4368 661 4423 ad
685 4382 820 4423 smmnum
845 4365 954 4419 tandem
1005 4366 1113 4418 uomina
1133 4365 1162 4418 in
1182 4365 1256 4419 libris
1280 4366 1475 4420 introductoriis
1497 4380 1685 4419 commemoras
1706 4380 1801 4436 aper-

157 4440 334 4512 periectionis
358 4440 463 4511 apicem
483 4443 563 4496 citius
586 4438 772 4495 ascenderent.
799 4437 955 4492 Cassianum
969 4436 993 4497 [i
1005 4437 1148 4505 specimus.
1162 4434 1284 4490 Meminit
1297 4437 1379 4492 etiam
1387 4435 1447 4490 libri
1459 4435 1493 4490 de
1503 4435 1658 4491 Geometria
1673 4435 1701 4489 in
1713 4435 1800 4491 versi·

159 4512 348 4581 presbyterum,
368 4512 454 4580 innuit
478 4510 548 4580 (tlt.
578 4507 728 4572 liinbitt,
746 4524 804 4579 cop.
825 4505 883 4579 29),
908 4505 953 4577 qui
1006 4504 1096 4559 culum
1119 4505 1194 4560 illum
1217 4506 1314 4576 psalmi
1336 4521 1414 4572 xcvt;
1441 4524 1451 4557 ι
1478 4503 1797 4578 Illuceruullulpuraes

157 4583 313 4653 aucupen
324 4583 357 4636 de
367 4583 526 4636 institutione
527 4582 651 4704 pdelium
663 4580 848 4633 utonaelrarum
861 4576 952 4631 sedulo
1007 4573 1122 4639 Quorum
1134 4578 1263 4642 notitiam,
1280 4577 1376 4645 iuquit,
1390 4576 1532 4645 pleniorem
1545 4577 1573 4630 iu
1594 4576 1666 4631 libris
1681 4577 1713 4631 de
1731 4573 1801 4632 Geo-

158 4652 401 4722 &aprutiense
413 4652 511 4707 audite.
555 4652 681 4706 denarios
699 4660 783 4703 motus
806 4648 952 4702 animarum
1005 4646 1394 4719 mturaumipllnndtttpcnr
1407 4648 1498 4715 lector,
1512 4648 1636 4702 inuenies.
1650 4645 1685 4700 Et
1699 4646 1802 4717 requi·

157 4722 196 4776 ita
217 4738 274 4776 carn
308 4732 392 4776 tenter
414 4724 541 4789 insinuat,
566 4731 594 4776 ut
607 4736 727 4775 recessus
747 4735 807 4773 suos
822 4719 952 4771 damnem
1005 4715 1067 4771 deur
1083 4717 1150 4787 ipsa,
1170 4717 1243 4787 quod
1255 4733 1289 4774 eo
1303 4718 1356 4772 loci
1378 4717 1488 4773 adducit
1500 4733 1516 4773 e
1529 4716 1696 4783 Geometria,
1711 4724 1799 4770 totum

158 4807 227 4861 pecc
238 4739 325 4849 'ipen
338 4793 428 4863 ludat,
443 4802 469 4846 et
478 4793 559 4847 nimae
569 4790 716 4862 compellor,
729 4784 791 4862 proi
805 4799 882 4842 autea
893 4803 953 4841 corr·
1005 4785 1033 4868 in
1048 4787 1118 4844 libro
1127 4802 1207 4857 quem
1217 4788 1252 4843 de
1263 4788 1315 4845 bac
1324 4788 1466 4870 disciplina
1481 4787 1644 4858 composuit,
1662 4787 1799 4867 reperitur

158 4865 263 4933 issima
275 4864 396 4935 calipinis
418 4861 565 4936 ignorabat.
581 4860 616 4916 Et
638 4860 699 4929 quia
720 4873 845 4927 sagacem
863 4859 951 4912 virum
1001 4869 1080 4926 Juxta
1092 4860 1239 4914 editionem
1255 4865 1385 4924 nostram,
1395 4875 1423 4913 ιιι
1437 4873 1490 4929 qua
1505 4859 1539 4913 ad
1554 4858 1635 4913 iidem
1649 4870 1801 4911 manuscri-

157 4947 215 4987 uon
229 4932 351 4989 latebant
364 4948 481 4999 errores,
502 4934 530 4987 in
550 4947 619 5004 quos
633 4932 697 4987 olim
718 4944 801 4998 agens
819 4928 953 4984 delibero
1005 4936 1114 5052 plorum
1137 4930 1349 4985 restituimuses
1371 4943 1432 4999 quse
1447 4930 1473 4983 ia
1492 4928 1553 4984 aliis
1566 4925 1799 4983 desiderabantur.

156 5002 271 5058 arbitrio
282 5000 428 5060 Cassianus
437 5004 593 5073 impegerat,
607 5001 734 5056 monebat
748 5000 828 5062 serio,
841 5004 871 5053 ul
884 4997 953 5070 aptio
1029 4998 1163 5054 audemia
1180 4999 1248 5055 libro
1262 4999 1296 5054 de
1311 4998 1413 5054 [lirinis
1426 4998 1545 5062 bitteris,
1559 5012 1621 5067 cap.
1633 4994 1679 5062 lb,
1693 4994 1754 5050 libri
1766 4995 1802 5053 de

156 5072 374 5145 mueronem
384 5071 682 5146 premlpansenpub
692 5069 854 5126 victoriane
863 5082 954 5124 emen·
1006 5066 1204 5139 Orthograplria
1220 5069 1325 5124 titulum
1340 5068 1443 5140 proiert
1455 5086 1462 5123 ε
1475 5066 1511 5122 Et
1523 5071 1685 5122 eatmusecss
1696 5066 1755 5119 laic
1765 5066 1802 5120 li-

156 5142 277 5200 datiouis
292 5144 401 5200 cautela
414 5143 560 5213 legeretur.
1007 5137 1054 5193 iro
1079 5141 1181 5193 tinctum
1202 5139 1235 5194 dc
1260 5136 1456 5209 Orthoproplrio
1470 5136 1540 5192 dedi.
1554 5136 1588 5190 Et
1602 5151 1663 5206 cap.
1688 5134 1743 5190 50:
1767 5134 1802 5191 irs

194 5212 210 5285 p
231 5212 289 5270 XL.
310 5211 424 5278 Quidum
436 5215 482 5268 strd
497 5212 653 5268 Cassiodoro
666 5228 683 5266 a
696 5209 907 5267 rilacoeueiiticu
918 5208 954 5263 od
1005 5208 1072 5264 liiro
1094 5218 1256 5280 sequestrato
1278 5218 1356 5281 amur
1374 5208 1515 5277 composito
1533 5208 1578 5279 ptri
1601 5205 1753 5261 inscribitur
1769 5206 1803 5260 aia

155 5283 486 5340 nmidemlransidant.
500 5282 559 5338 lam
577 5284 638 5351 quis
652 5282 791 5352 negaverit
801 5279 952 5336 Castellen·
1006 5278 1211 5350 Ortioprapltia.
1220 5278 1324 5345 Quibus
1331 5278 1457 5349 equidem
1464 5277 1638 5333 citationibus
1645 5276 1802 5332 adducimur

155 5356 228 5410 muru
241 5352 499 5412 etdorentissimam
523 5353 605 5410 lusisse
624 5350 952 5419 solitudinem,etritam
1003 5357 1034 5403 ut
1047 5348 1168 5403 dieamus
1191 5348 1402 5413 cassiodorum,
1416 5361 1477 5404 cum
1502 5346 1625 5403 ordinem
1648 5354 1726 5402 notat
1748 5360 1803 5415 quo

156 5426 395 5552 mdirinaml
409 5423 535 5494 Nonquid
560 5424 629 5480 risis
643 5438 739 5480 eornm
761 5432 958 5493 morandum.
1002 5435 1051 5476 sua
1074 5433 1158 5488 opera
1173 5419 1265 5474 emisit
1288 5417 1316 5472 in
1331 5418 1429 5480 luceru,
1454 5416 1490 5472 ad
1512 5416 1541 5473 id
1556 5417 1686 5489 temporis
1708 5415 1804 5475 reierri

265 5496 406 5552 coloribus
417 5495 525 5551 uidetur
537 5494 736 5575 Cassiodorus,
756 5507 821 5563 dum
844 5506 957 5578 praecia·
1009 5502 1129 5561 roluisse
1143 5521 1197 5577 quo
1220 5507 1333 5579 singulis
1353 5508 1435 5581 coepit
1449 5524 1559 5568 manum
1575 5511 1730 5576 admovere,
1747 5527 1809 5586 qua

163 5596 223 5639 mut
235 5582 402 5639 monastices
411 5580 451 5637 sic
463 5588 623 5652 prosecutus
637 5589 679 5638 est
691 5580 846 5637 encomium
864 5575 955 5647 (Com-
1009 5577 1198 5646 proculdubio
1213 5578 1333 5634 nondum
1348 5588 1427 5636 erant
1437 5580 1572 5653 absoluta,
1584 5600 1645 5640 cum
1660 5585 1693 5639 ad
1710 5585 1761 5637 alia
1777 5598 1808 5639 ss

165 5664 245 5710 runt,
268 5656 297 5707 iu
315 5651 389 5708 erat.
406 5666 461 5712 ortt,
478 5667 502 5705 rr.
518 5651 564 5716 ll)
581 5669 587 5705 ι
603 5651 717 5709 Coelestis
730 5652 757 5705 in
777 5651 916 5711 nncuita,
932 5655 957 5702 ct
1009 5646 1177 5726 accingeret:
1191 5649 1262 5727 urtde
1273 5652 1406 5707 recredici
1420 5660 1508 5721 potest
1524 5655 1646 5710 l’salteril
1658 5657 1811 5725 Cornrncn3

166 5724 277 5780 irritatio
291 5724 409 5796 fidelium
424 5721 571 5792 unpelortnu
584 5764 591 5792 ,
606 5723 776 5797 spiritualiter
791 5721 819 5775 iu
835 5734 913 5774 carue
924 5720 958 5775 ri·
1011 5726 1097 5776 tortos
1119 5734 1179 5777 cuttt
1195 5722 1337 5781 tttclrunssc
1360 5723 1411 5781 sub
1434 5722 1493 5791 ipso
1513 5725 1650 5797 religionis
1670 5728 1802 5794 regemn,
