4059 6184
121 311 173 368 tsi

618 318 807 380 JUS'l'lNlel
824 324 1014 387 consessio
1034 329 1160 388 decim
1178 330 1279 388 Fiunt.

1700 336 1751 409 25⁸

116 426 170 498 ίρὰ
193 427 417 505 ταςείςπαεὲρας
404 429 616 542 ,ἇμαρτανευσα
634 434 774 492 διδασκα·
761 442 910 508 ημαςναιι·
927 436 1064 505 Apllcare
1084 436 1220 495 festinant.
1236 441 1292 508 Qua
1288 441 1431 500 ilsatttetti
1446 453 1486 502 esi
1501 446 1708 521 condemnatio,
1724 460 1753 509 et

116 516 172 570 θεία
187 520 280 623 γραρεί
273 522 323 572 Bt
337 522 386 628 γὰρ
400 524 481 576 lirin
472 545 484 577 ο
500 526 540 576 ν”ο
534 546 555 584 ς
568 547 612 580 του
627 534 678 581 Νῶε
693 528 846 599 θεασάμενος
860 550 906 600 γν-

115 608 178 677 μνόν
191 608 233 663 τόν
245 606 306 664 ίδιον
318 613 429 686 πατίρα,
450 617 493 669 καί
511 624 546 687 μή
558 616 673 687 καλόυας
690 640 735 676 την
752 625 797 673 τοῦ
812 619 908 696 πατρὸς

116 708 267 775 σωματικόν
292 705 433 776 γύμνωσιν
456 709 507 773 ίξει
494 711 591 764 λθῶν
580 713 709 784 επηγγειλε
737 717 831 773 ταύτην
855 723 909 774 ταῖς

115 793 241 869 ἀδελφοῖς,
256 801 298 854 καί
312 800 400 856 όκεῖνοι
414 802 507 874 ίματίῳ
518 802 612 864 εαθτην
627 808 845 881 περιεσκίαασαν.
860 811 909 862 αθ·

114 890 159 948 τός
175 887 203 943 όί
215 891 274 960 Χοίμ
284 893 327 947 καί
339 892 363 946 οἷ
378 896 404 958 ἒξ
416 895 494 951 αὐτοῦ
513 897 668 968 γεννηθέντες
683 899 732 954 ὑπὸ
745 899 858 975 1ατόιραν
869 919 910 972 γε·

114 979 230 1051 γόνασιν,
245 983 268 1036 ei
280 979 307 1037 di
318 988 494 1048 σκεπὰταντες
507 989 620 1059 ι’νλαγίας
634 990 743 1063 μεγάλης
755 990 907 1055 δξιῶθησαν·

114 1070 198 1144 πολλῷ
207 1072 300 1138 μᾶλλον
310 1070 380 1131 οὗτοι
389 1080 501 1150 μείζονος
512 1082 555 1133 καί
565 1077 602 1134 ε’τι
612 1080 723 1141 πλείονος
734 1083 909 1157 κατακρίσεῶς

114 1166 177 1216 εἰσιν
193 1159 272 1229 ἄξιοι.
287 1166 310 1221 οί
329 1172 375 1227 τήν
394 1167 517 1241 μηδαμῶς
527 1176 676 1247 προσοῦσαν
689 1172 791 1243 ἀτιμίαν
801 1181 834 1248 τῇ
846 1194 908 1228 συν·

114 1250 162 1322 lde
179 1253 370 1320 expoenitens
392 1257 434 1313 διοί
453 1268 499 1319 τῆς
511 1261 631 1321 desiria:
651 1269 696 1322 τῆς
715 1262 850 1323 ἐπιστολῆς
867 1267 907 1319 καί

114 1342 245 1413 Θεοδῶρον
257 1350 407 1423 περιάπτειν
422 1352 497 1427 αὐτῇ.
512 1350 614 1407 ’11111
629 1351 671 1408 iri
683 1359 758 1410 τοῦτο
777 1355 793 1413 i
811 1355 907 1415 nereis

115 1437 244 1501 ἐπιστολή,
255 1439 271 1497 ἦ
284 1441 413 1502 οίταιίτης
423 1443 623 1514 όατιποιοόμινοι
636 1445 794 1519 ίκγεόξονεαι
807 1450 852 1505 τείν
864 1447 906 1501 ε’πί

114 1538 142 1603 τῇ
154 1533 240 1587 αὐτῶν
252 1534 358 1610 όισεθτία
369 1526 527 1612 κατάκρισιν.
542 1536 602 1591 Ἀλλ’
612 1536 670 1592 eiii
682 1535 812 1609 Θεόδωρος
822 1537 836 1594 ό
845 1535 906 1592 ’tii-

114 1621 183 1683 λπείες
203 1643 234 1679 τε
258 1627 300 1679 καί
322 1623 460 1688 Ἰουδαίους
471 1631 513 1682 καί
534 1634 631 1689 πάντας
650 1629 787 1702 αίρετεκοός
802 1631 908 1704 τῇὰσε·

115 1711 166 1785 θεία
179 1713 408 1789 όπερθαλλόμενος.
423 1711 505 1778 Οὗτος
518 1719 568 1822 γὰρ
581 1717 648 1791 πρός
664 1726 719 1779 ταῖς
732 1714 818 1779 ἄλλαις
828 1720 903 1775 αὐτοῦ

962 528 1076 598 niualis
1070 531 1188 584 rmurinet
1204 548 1237 584 111.
1232 532 1356 590 ιΙο111οιίο
1370 536 1467 607 eisqui
1480 538 1506 594 iu
1521 537 1615 595 l‘atres
1628 551 1751 611 peceant,

960 620 1041 676 docet
1053 636 1102 675 nes
1117 630 1144 677 et
1162 622 1251 677 utrina
1267 624 1416 696 Scriptura.
1442 627 1471 684 Si
1485 631 1556 685 enim
1577 631 1661 688 Citam
1683 633 1753 692 titius

961 710 1018 765 Noe
1041 711 1145 782 (Gener.
1168 714 1206 785 rx)
1230 730 1291 770 enm
1307 717 1418 773 vidisset
1431 720 1531 775 nudum
1545 737 1621 777 snum
1636 732 1751 793 patrem,

959 803 1086 872 quioniam
1099 820 1153 862 noo
1164 807 1305 875 cooperuit
1320 809 1402 878 petris
1412 811 1580 882 corporalem
1592 813 1751 879 nuditatem,

959 894 1007 948 sed
1022 908 1147 962 egressus
1162 898 1294 952 nuntiauit
1308 913 1367 953 eam
1391 901 1534 969 iratribus,
1560 912 1588 960 et
1610 904 1647 959 illi
1667 908 1752 965 vesti·

960 992 1116 1039 merdosam
1125 996 1333 1055 cooperuerunt,
1343 988 1513 1058 ipseonidem
1521 988 1616 1057 Chuni,
1625 993 1751 1065 etilbqui

958 1090 992 1131 ex
1007 1076 1067 1146 ipso
1080 1077 1136 1132 nati
1150 1085 1223 1144 sunt,
1247 1078 1297 1133 snb
1318 1079 1507 1137 maledictione
1521 1081 1583 1139 laeti
1597 1092 1679 1153 suut3
1703 1087 1750 1157 qni

959 1172 1049 1220 autem
1059 1176 1267 1236 cooperuerunt,
1281 1183 1406 1238 maguam
1419 1169 1633 1229 benedictionem
1644 1189 1751 1231 merue-

958 1266 1022 1311 mnt
1044 1273 1052 1310 z
1073 1257 1158 1313 multo
1178 1259 1263 1328 magis
1284 1258 1328 1316 isti
1343 1258 1445 1329 majore
1465 1270 1493 1318 et
1506 1262 1637 1334 ampliore
1650 1266 1751 1321 conde·

958 1351 1096 1406 mnatione
1108 1350 1180 1420 digni
1200 1361 1273 1417 sunt,
1296 1353 1341 1421 qm
1355 1354 1389 1408 ad
1402 1355 1532 1425 synodum
1545 1356 1656 1414 minime
1666 1359 1751 1429 perti-

959 1449 1067 1495 nentem
1079 1439 1225 1508 infamiam,
1235 1441 1362 1497 testinans
1375 1458 1424 1513 per
1437 1444 1601 1516 inpietatem
1616 1448 1747 1518 epistole.

958 1541 987 1587 et
1008 1531 1157 1600 Theodori,
1181 1535 1269 1591 eidem
1293 1545 1393 1592 sunone
1408 1538 1511 1608 syuodo
1525 1539 1670 1610 applicare.
1694 1539 1749 1597 Sed

959 1638 1012 1677 non
1028 1622 1089 1677 ideo
1104 1624 1184 1694 impia
1195 1626 1324 1696 epistola,
1338 1627 1381 1681 uel
1396 1626 1572 1684 defendentes
1586 1645 1662 1698 mm,
1682 1646 1751 1686 eorr-

957 1712 1157 1769 dernnationem
1181 1731 1236 1770 suas
1257 1717 1403 1787 impietatis
1423 1717 1551 1788 elingient
1572 1735 1580 1772 r
1600 1719 1750 1790 sedereque

113 1802 321 1876 ffleteenpatoete·
296 1825 339 1860 ουκ
349 1809 455 1881 δικίσθη
468 1815 504 1861 τῶ
516 1809 581 1883 πρὸς
591 1813 636 1867 erin
649 1806 714 1864 ίδίαν
730 1808 822 1868 πλάνην
835 1829 903 1885 παρ·
919 1812 942 1874 Β
957 1800 1130 1871 Theodotus,
1148 1806 1193 1875 qul
1215 1819 1333 1877 paganos
1347 1816 1374 1863 el
1388 1808 1503 1874 «ludices,
1516 1818 1544 1865 el
1557 1824 1653 1866 omnes
1668 1812 1750 1868 hiere·

113 1900 269 1965 ερμνενεῡσαι
281 1897 311 1951 τὸ
328 1898 455 1971 eriperis-r
475 1905 525 1955 τῶν
537 1904 690 1975 τριακοσίων
703 1898 764 1956 δέκα
784 1903 850 1957 καί
839 1907 904 1958 οκτῶ

113 1982 184 2056 epia·
206 1988 340 2059 πατίρων,
355 1988 417 2042 ἀλλὰ
438 1992 479 2044 καί
496 1995 683 2065 περιγρονήσας
703 1992 796 2047 τούτου
815 1991 903 2067 ίτιρον

113 2077 240 2149 repedas
254 2078 347 2143 ξίθετο
367 2081 453 2142 πάσης
470 2083 592 2144 ἁσεθείας
613 2083 768 2159 πεπληρωμ
759 2105 825 2151 ενον,
845 2082 902 2140 δυ’
883 2109 904 2159 ῳ

111 2167 291 2238 ιἰναθεματίσαι
308 2171 369 2230 τούς
392 2170 485 2247 ίτίρως
509 2174 698 2247 poeoniorum
717 2172 903 2251 παραδιδόντας

111 2258 256 2330 leiim·
272 2260 337 2314 ῶστε
359 2257 418 2314 ὅσον
435 2263 500 2317 κατὰ
520 2268 565 2322 τήν
583 2265 680 2318 ἐκείνων
698 2270 789 2335 μανίαν
805 2266 903 2330 πάντας

110 2351 164 2408 reis
185 2348 280 2420 ἁγίους
298 2347 464 2413 ἀποστόλους,
488 2356 531 2407 καί
554 2357 668 2427 πατέρας
690 2359 901 2433 κατακεκρίσθαι·

111 2446 178 2495 τοῦτο
200 2439 231 2495 ii
250 2441 280 2495 τό
300 2443 392 2504 όισεθίς
406 2443 537 2518 Θεεδῶρου
555 2447 683 2515 nepesin
704 2450 783 2503 καίίν
802 2460 833 2524 τῇ
847 2450 903 2506 κατ’

110 2525 212 2602 'Spem
234 2535 325 2606 πρῶτη
338 2533 437 2588 συνόδω
456 2538 635 2608 προκομιοθὲν,
659 2543 702 2594 καί
727 2542 752 2595 ίν
769 2540 904 2600 Χαλκηδόνι

110 2625 266 2697 ίναγνωσθίν
278 2627 319 2700 lp·
331 2629 452 2706 ίκατίοας
467 2629 575 2685 συνόδου
590 2634 655 2702 μετὰ
667 2638 710 2687 τοῦ
721 2635 851 2705 ίκθιμίνευ
862 2639 904 2690 καί

109 2723 154 2771 τῶν
167 2715 310 2787 διξαμίνων
324 2721 385 2773 αὐτὶ
400 2724 541 2794 κατεκρίθη.

955 1893 1025 1949 ticos
1045 1895 1184 1966 impietate
1203 1909 1325 1969 superat.
1348 1900 1432 1971 lmpio
1448 1904 1519 1957 enim
1539 1901 1682 1959 Theodoro
1694 1921 1748 1961 rron

955 1983 1062 2041 suileeit
1074 2001 1156 2058 super
1169 1989 1236 2044 alias
1254 1989 1313 2059 ejus
1330 1991 1512 2075 blasphemias
1529 1994 1563 2051 ad
1577 2010 1654 2050 sunm
1672 2011 1747 2053 erro·

956 2091 1013 2131 rem
1029 2077 1099 2133 runle
1113 2079 1283 2149 interpretari
1293 2083 1445 2154 symbolum
1459 2094 1639 2142 trecentomm
1652 2087 1747 2145 deeem

954 2174 982 2222 et
992 2178 1054 2223 oeto
1068 2179 1223 2225 sanctorum
1239 2169 1360 2237 Patrem,
1381 2173 1429 2229 sed
1441 2175 1522 2230 etiam
1533 2185 1743 2249 contemptum,

954 2256 1027 2313 aliud
1041 2260 1192 2331 symbolum
1208 2264 1334 2331 exposuit
1347 2265 1420 2319 omni
1435 2266 1572 2336 impietate
1586 2269 1702 2339 plenum,
1719 2272 1746 2327 in

953 2363 1008 2419 quo
1022 2350 1253 2407 anathematizare
1273 2367 1355 2408 ausus
1369 2363 1411 2410 est
1422 2370 1471 2412 eos
1490 2358 1536 2428 qui
1550 2360 1630 2415 aliter
1638 2362 1746 2431 sapiunt

953 2444 996 2500 vel
1011 2443 1130 2507 tradunt.
1143 2452 1183 2514 ut,
1198 2454 1328 2517 quantum
1339 2448 1373 2504 ad
1387 2450 1457 2506 illius
1471 2450 1602 2507 insaniam
1617 2456 1744 2524 pertinet,
1762 2502 1766 2511 .

953 2549 1048 2590 omnes
1060 2536 1145 2591 sancti
1154 2538 1270 2606 apostoli
1282 2548 1310 2595 et
1318 2536 1412 2595 Patres
1423 2528 1676 2600 rorrdenmarentnrss
1688 2544 1748 2603 llne

953 2632 1044 2680 autem
1059 2624 1193 2682 Theodori
1209 2627 1319 2698 impium
1336 2629 1486 2701 symbolum
1508 2642 1537 2686 et
1559 2634 1586 2687 in
1611 2632 1753 2706 Epiresinu'

953 2714 1039 2785 prirua
1059 2715 1164 2788 synodo
1177 2717 1323 2787 prolatum,
1339 2729 1367 2775 et
1382 2719 1408 2773 in
1422 2716 1636 2778 chalcedonensi
1650 2726 1749 2780 reeito·

900 2804 903 2809 ’
953 2816 1021 2867 tum.
1036 2809 1070 2863 ab
1083 2817 1196 2880 utraque
1210 2811 1314 2883 syttodo
1327 2828 1387 2867 curu
1400 2812 1459 2880 ejus
1472 2816 1644 2884 expositore,
1666 2828 1695 2872 et
1707 2820 1748 2875 eis

140 2984 241 3045 Ἐπειδὴ
265 2984 291 3041 δι’
311 3009 376 3050 τινες
389 2990 432 3044 τόν
445 2989 511 3064 θπίρ
524 2990 654 3066 Θεοδώρου
668 2990 740 3064 λόγον
758 2996 902 3063 ποιούμενοι

111 3080 297 3156 προρερομίνων
309 3086 359 3135 τῶν
372 3080 472 3135 terens
482 3083 561 3137 αὐτοῦ
575 3085 783 3156 συγγραμμάτων
801 3082 842 3139 διὰ
857 3092 903 3145 την

953 2901 999 2971 qui
1013 2900 1078 2955 illud
1093 2901 1259 2972 suscipiunt,
1274 2904 1480 2960 condemnatum
1496 2916 1545 2962 est.

989 2990 1123 3057 Quoniam
1137 2999 1228 3048 autem
1242 2993 1366 3064 quidum,
1390 2997 1471 3051 uerba
1487 3013 1537 3068 pro
1550 2998 1692 3058 Theodoro
1705 3004 1746 3059 ia·

954 3079 1069 3148 cientes,
1080 3097 1140 3136 cum
1156 3079 1331 3153 proteruntur
1342 3084 1424 3155 impia
1438 3085 1497 3156 ejus
1511 3091 1674 3162 eoriseripta‚
1687 3109 1748 3165 pre·

111 3167 211 3223 ἔνι-,σαν
239 3171 329 3231 αὐτοῖς
347 3173 505 3247 βλασφημίαι
526 3181 728 3247 προσποιοῦνται
749 3178 795 3247 μὲν
810 3176 901 3250 λέγειν,
916 3178 940 3241 c
955 3182 1015 3241 pter
1038 3170 1167 3228 insertam
1186 3174 1227 3229 eis
1244 3172 1439 3244 blasphemiam
1462 3176 1619 3249 corillngnnt
1638 3183 1747 3252 quidem

111 3258 146 3314 ότι
158 3260 241 3319 ἀσιόὴ
256 3268 340 3316 ταῦτα
361 3265 496 3334 τυγριίνει,
510 3266 583 3319 αὐτόν
603 3263 630 3320 di
648 3266 692 3321 τόν
704 3267 823 3327 τοιαύτην
840 3269 902 3322 tei·

111 3350 175 3405 θειαν
188 3353 346 3420 ε’ξεμίσαντα
360 3361 543 3428 παραιτοῦνται
564 3357 762 3428 ἀναθεματίζειν,
774 3357 902 3431 θαυμόζο·

111 3464 152 3512 μεν
163 3453 210 3505 τήν
225 3450 325 3502 τούτων
339 3444 434 3509 ἄνοιαν,
450 3447 489 3503 ότι
501 3457 533 3524 τῇ
545 3452 599 3525 θείᾳ
616 3450 741 3520 τολμῶσιν
756 3452 902 3508 semro-:e-

110 3541 147 3593 θαι
158 3548 245 3615 γραρῇ
256 3548 366 3614 φανερῶς
378 3544 499 3613 λεγούση,
512 3539 551 3597 α’τι
564 3557 573 3591 t
586 3542 609 3594 ἓν
621 3539 668 3613 ἴσῳ
681 3543 777 3613 μισητοί
790 3550 844 3615 Θεῷ
860 3547 903 3598 ναί

110 3628 234 3685 itureos
245 3633 288 3684 καί
298 3634 313 3689 εί
324 3632 425 3686 &eidem
436 3634 514 3687 abso]
537 3650 546 3683 1
563 3636 607 3687 καί
621 3635 669 3709 γόιρ
682 3633 712 3688 τό
726 3634 845 3707 πραγγθέν
856 3637 903 3689 σὺν

111 3731 144 3791 τῷ
161 3723 287 3797 δράσαντε
306 3724 402 3778 minet.
412 3745 493 3779 σεται.
511 3726 539 3778 Ei
552 3722 579 3779 δί
593 3722 685 3796 ὁμοίως
699 3731 729 3800 τῇ
742 3727 819 3779 αὑτοῦ
839 3726 901 3780 όισε·

113 3812 164 3888 θεία
176 3815 284 3884 μισητός
297 3822 351 3886 θεῷ
364 3818 407 3869 καί
419 3814 432 3868 ό
446 3815 557 3881 denies,
575 3813 700 3891 πρόδηλον
714 3819 749 3875 ῶς
763 3814 776 3869 ό
788 3823 902 3877 τοιοῦτος

112 3909 263 3981 κεχώρισται
274 3914 320 3962 τοῦ
334 3913 409 3971 otei,
423 3910 465 3962 καί
478 3913 515 3980 τῷ
526 3908 664 3978 όιναθίματι
677 3905 779 3969 δικαίως
793 3909 903 3963 onobel-

111 3992 185 4052 λεται.
200 3999 295 4074 Τόγείρ
306 3998 419 4070 οίνοίθεμα
438 3998 509 4055 eliis
522 4000 608 4075 ἕτερον
623 4000 778 4071 enumerari
796 4001 838 4056 τόν
851 4001 902 4056 ἀπὸ

111 4093 153 4140 τοῦ
163 4095 228 4144 Θεοῦ
241 4092 386 4167 χωρισμὸν,
402 4092 435 4151 ῶς
449 4092 474 4145 tv
495 4097 526 4165 τῇ
539 4090 637 4163 παλαιᾷ
647 4094 687 4146 ναί
705 4100 778 4163 καινῇ
797 4089 901 4168 διαθήκῃ

111 4177 138 4232 τό
150 4181 265 4255 περὶτοῦ
284 4180 439 4253 όναθίματος
457 4186 539 4251 κρῖμα
558 4176 709 4238 δαλοῖ.ὀει
728 4178 755 4236 δι’
778 4178 792 4235 ό
814 4181 901 4258 κύριος

111 4272 168 4330 τοότ
180 4277 216 4342 pei
231 4267 306 4332 όντας
325 4272 350 4326 ίν
361 4278 399 4346 τῶ
410 4278 456 4333 τῆς
467 4271 579 4333 ἀληθείας
594 4273 673 4326 αὐτοῦ
685 4271 762 4346 λέγω,
775 4291 902 4344 κεχωριο·

111 4361 197 4433 μεέους
219 4357 282 4419 εἶναι
305 4361 371 4435 tipo
384 4372 429 4424 eie
453 4362 593 4427 indutriae,
616 4363 696 4436 ίντῷ
710 4364 775 4420 κατὰ
788 4362 901 4424 Ἰωάννην

111 4454 243 4527 εόαγγελίιρ
252 4455 320 4530 πρός
333 4457 393 4516 τοὺς
406 4452 545 4516 Ἰουδαίους
558 4454 730 4527 διαλεγόμενος
743 4455 810 4511 οὕτω
829 4461 897 4529 ρησί·

955 3265 1045 3321 dieere
1057 3265 1131 3336 quod
1145 3266 1226 3337 impia
1240 3277 1317 3332 sunt,
1332 3267 1418 3338 ipsum
1433 3279 1522 3325 auem
1543 3273 1590 3342 rpui
1603 3274 1684 3329 talem
1698 3275 1748 3329 im-

954 3355 1083 3427 pietatem
1097 3358 1232 3424 eromnt,
1257 3368 1381 3414 recusant
1395 3361 1627 3419 anathematizare
1642 3382 1648 3417 :
1665 3365 1748 3420 mira·

955 3464 1015 3503 mor
1027 3462 1122 3503 eonem
1134 3448 1308 3513 dementiam,
1323 3449 1396 3519 qnod
1408 3450 1505 3507 divine
1520 3452 1665 3525 scripturae
1679 3472 1746 3512 eoo·

954 3538 1036 3593 traria
1051 3545 1144 3607 agunt,
1160 3537 1301 3593 euidenter
1314 3538 1423 3604 diremi,
1440 3540 1503 3610 qnia
1517 3545 1652 3612 equaliter
1665 3546 1748 3601 lorri-

953 3628 1017 3683 titia
1031 3637 1092 3683 111111
1105 3628 1175 3699 opud
1195 3626 1279 3683 neon
1292 3630 1387 3700 impius
1410 3641 1435 3686 et
1450 3633 1570 3702 impietas
1589 3634 1646 3705 ejus
1660 3636 1746 3709 (Sep.

954 3724 1021 3789 sir).
1037 3718 1117 3776 Aetio
1136 3720 1208 3775 enim
1228 3736 1289 3776 cum
1304 3730 1415 3778 anctore
1428 3721 1542 3796 [actore]
1563 3728 1707 3794 punietur:
1722 3728 1747 3783 si

953 3823 1043 3870 autem
1056 3815 1180 3871 similiter
1191 3815 1320 3886 impietati
1335 3815 1470 3872 horribilis
1480 3827 1521 3873 est
1531 3818 1588 3875 lieo
1601 3827 1630 3875 et
1643 3819 1688 3875 ille
1698 3821 1746 3891 qni

953 3908 1034 3977 impie
1048 3907 1113 3977 agit,
1127 3916 1202 3962 certe
1216 3917 1356 3978 separatus
1368 3918 1409 3964 est
1422 3908 1509 3965 talisa
1520 3908 1586 3976 beo,
1595 3918 1623 3965 et
1635 3911 1746 3968 anatbe·

952 3999 1017 4053 mati
1037 3999 1111 4068 iuste
1132 3998 1282 4069 subjicitur.
1297 3998 1447 4054 anathema
1461 4001 1532 4055 enim
1548 4003 1613 4058 nibil
1625 4004 1696 4060 aliud
1710 4005 1748 4061 ei·

952 4090 1076 4160 gnificat,
1093 4079 1142 4146 nisi
1157 4105 1172 4145 a
1188 4091 1243 4146 lieo
1257 4091 1475 4161 separationem,
1488 4095 1557 4150 sicut
1574 4095 1601 4150 in
1615 4095 1706 4151 Veteri
1719 4104 1748 4153 et

952 4184 1028 4239 Nouo
1041 4182 1214 4240 Testamenta
1225 4182 1355 4252 judicium
1366 4182 1401 4239 de
1414 4185 1587 4243 anathemate
1600 4186 1744 4258 sigrdilent.

952 4274 1029 4343 Quod
1044 4285 1135 4330 antem
1148 4282 1176 4328 et
1190 4273 1320 4329 Dominus
1333 4287 1382 4329 eos
1400 4273 1446 4345 oui
1462 4290 1515 4330 non
1535 4286 1696 4347 permanent
1718 4278 1746 4336 in

951 4366 1035 4420 verbo
1050 4364 1171 4420 veritatis
1195 4363 1296 4433 ipsius,
1326 4371 1467 4434 separatos
1485 4379 1545 4420 esee
1569 4365 1604 4421 ab
1624 4364 1745 4423 Eoeiesie

951 4457 1028 4523 dicit,
1042 4456 1068 4511 in
1083 4453 1229 4523 Evangelio
1242 4453 1389 4509 seeundum
1402 4451 1533 4509 loannem
1547 4454 1655 4511 ludens
1674 4456 1744 4511 allo·

113 4551 183 4607 11111ς
193 4545 290 4602 ὁποιῶν
303 4551 350 4605 τήν
359 4546 486 4617 ἁμαρτίαν
495 4543 584 4606 δοῦλός
597 4547 713 4607 leteris
726 4545 864 4620 ἁμαρτίας.
875 4558 903 4602 ‘0
919 4543 1051 4616 liquens,
1071 4547 1111 4601 sie
1121 4546 1160 4600 ait
1180 4561 1188 4596 :
1210 4544 1358 4614 omnisque
1372 4544 1435 4616 [αοίι
1448 4553 1590 4614 peccatum,
1605 4563 1692 4603 εοτονε
1706 4559 1746 4604 ert

112 4632 136 4691 δι’
148 4635 234 4698 δοῦλος
244 4642 273 4691 ου
287 4639 354 4704 μῶυ
364 4640 389 4693 ἒν
402 4647 433 4713 τῇ
443 4640 510 4713 οἰκία
523 4641 559 4700 εἰς
572 4640 614 4695 τόν
630 4641 720 4705 αἰῶνα,
732 4636 746 4693 ί
756 4636 782 4694 et
792 4640 847 4699 υἱὸς
859 4642 901 4712 μέ·
953 4637 1061 4708 percuti.
1077 4634 1172 4691 Ser-ees
1181 4643 1266 4688 entem
1280 4649 1331 4688 non
1342 4641 1427 4687 munet
1437 4634 1465 4688 ίη
1479 4633 1591 4690 demetri
1602 4645 1744 4705 eternum:

111 4733 192 4790 κιείς
205 4733 346 4787 τόναίῶνα.
363 4749 372 4781 ι
386 4728 444 4786 οτι
457 4728 900 4805 δίτήνπαρόιεοῦκνρίονῶνομασ·
953 4729 1024 4800 filine
1038 4737 1122 4782 etitem
1135 4735 1269 4795 permonet
1287 4726 1313 4780 itt
1327 4734 1452 4779 oetetnttm
1467 4724 1565 4795 (donn.
1579 4729 1651 4797 1111).
1667 4729 1744 4797 Quod

111 4823 183 4891 μέπν
203 4824 281 4877 οὶκίαν
301 4846 318 4881 η
309 4824 383 4876 θεία
401 4822 625 4897 γραρ11ναλησίαν
644 4826 810 4887 orontem,-
821 4823 898 4885 καλεῖ
953 4829 1054 4883 autem,
1069 4834 1149 4888 quam
1165 4819 1295 4875 Dominus
1309 4816 1431 4872 nommat
1440 4817 1562 4887 domum,
1573 4819 1662 4876 11111111
1675 4821 1744 4877 Seri

111 4911 274 4974 όίιπόστολος
294 4922 422 4989 μαρτυρεῖ
440 4915 464 4967 ir
479 4920 511 4970 τῆ
474 4914 593 5019 'espec
609 4910 730 4982 Τιμόθεον
745 4913 901 4991 τρῶτηίπι·
953 4917 1031 4981 plura
1056 4908 1201 4965 Eeclesmttt
1225 4907 1312 4964 Dei'
1288 4924 1340 4963 1111
1362 4914 1457 4974 vocal,
1471 4896 1617 4979 Apostolus
1630 4917 1744 4966 testam

112 5004 197 5064 ozris.
953 5000 1115 5073 mlipistoia
1128 5015 1213 5072 pruna
1228 5000 1262 5055 ad
1275 4999 1446 5055 Timotheum
1461 5000 1538 5071 (top
1551 5001 1603 5069 111).

145 5098 173 5149 ti
188 5092 214 5150 et
236 5096 339 5170 λέγουσὶ
361 5113 427 5156 τινες
445 5099 479 5167 μή
499 5091 550 5149 δεῖν
569 5090 698 5168 Θεόδωρον
713 5093 778 5165 μετὰ
796 5092 900 5151 θάνατον
986 5093 1015 5151 Si
1028 5108 1093 5149 reru
1107 5091 1215 5163 quidam
1226 5091 1334 5156 dieunt,
1359 5106 1414 5145 nori
1427 5098 1555 5161 oportere
1570 5090 1741 5149 Theodorum

111 5189 342 5261 ἇναθεματίζεσθαε,
359 5188 473 5243 ι’στεεσαν
487 5186 510 5241 οί
525 5187 566 5241 τόν
580 5192 693 5241 τοιοῦτον
713 5185 837 5262 αἱρετικὸν
857 5187 899 5239 ίκ·

111 5277 245 5343 δινοῦντος,
273 5281 308 5340 ῶς
333 5284 387 5337 πῶς
413 5278 539 5353 αίρετικός
560 5279 641 5351 μέχρι
666 5277 752 5336 τελους
770 5285 802 5351 τῇ
821 5278 900 5350 οίκιία

112 5369 191 5444 niden
207 5371 327 5439 ίμμείνας
345 5366 500 5439 δικαιότερον
521 5365 629 5426 διηνεκεῖ
652 5369 843 5440 ἀναθεματισμῷ
858 5371 900 5423 καί

111 5467 174 5529 μετὰ
186 5463 289 5517 θάνατον
305 5460 485 5515 sentations.
506 5461 641 5514 tetrante
656 5457 697 5510 liri
713 5456 814 5519 πολλοῖς
831 5458 901 5530 γέγο-

113 5575 149 5611 νεν
162 5555 297 5631 αίρετικοῑς
307 5554 488 5628 ἀρχαιοτέροις
499 5571 527 5607 τε
546 5555 590 5606 καί
609 5558 662 5610 τοῖς
673 5550 814 5624 ίγγυείρω·
827 5572 900 5606 τουτ-

112 5648 166 5701 ίστι
187 5647 327 5717 Βαλεντίνιρ,
345 5641 493 5715 Βασιλείδη,
516 5642 897 5714 Μαρκίωνι,11ηρίνθῳ,11ανι·

112 5739 189 5807 zain,
203 5737 326 5809 Εὐνομίῳ,
339 5737 381 5789 καί
394 5734 505 5803 Βονόσῳ·
516 5737 593 5786 τοῦτο
606 5729 633 5786 δι’
644 5732 706 5786 αὐτὸ
717 5733 759 5786 καί
779 5733 821 5787 ίπί
835 5739 898 5786 Oto·

113 5821 186 5897 δᾶρερ
198 5826 278 5897 γίγονε
289 5828 331 5880 καί
344 5825 369 5878 ίν
382 5827 434 5897 ζωῇ
448 5821 652 5897 κατηγορηθέντε,
664 5822 705 5875 καί
718 5823 784 5891 μετὰ
796 5822 899 5878 θάνατον

950 5191 1138 5256 postmortem
1151 5182 1388 5249 anathematizari,
1403 5181 1492 5238 selant
1502 5182 1548 5252 qrri
1563 5182 1643 5237 talem
1657 5184 1743 5241 bare·

950 5276 1033 5333 ileum
1046 5273 1213 5338 detendunt,
1238 5272 1310 5345 qnod
1330 5273 1417 5328 ornnis
1438 5272 1581 5329 hereticus
1604 5276 1742 5343 usquead

952 5365 1033 5421 linem
1047 5365 1110 5421 vite
1125 5365 1151 5419 in
1166 5380 1217 5420 sno
1231 5379 1324 5421 errore
1337 5377 1512 5434 permanens,
1526 5363 1599 5432 iuste
1611 5375 1742 5436 perpetuo

951 5456 1117 5513 anathemati
1141 5463 1170 5510 et
1192 5463 1254 5524 post
1272 5461 1387 5509 mortem
1401 5452 1553 5522 emrjieitur.
1582 5451 1617 5508 Et
1639 5455 1693 5512 boe
1716 5458 1743 5513 in

950 5546 1042 5602 multis
1056 5544 1193 5600 hereticis
1206 5553 1234 5598 et
1248 5540 1445 5611 antiquioribus
1458 5549 1488 5596 et
1509 5543 1681 5614 propioribus
1701 5545 1742 5599 ia·

950 5646 1023 5694 etum
1045 5642 1097 5702 est,
1120 5633 1148 5690 iel
1162 5642 1204 5690 est
1218 5632 1375 5698 Valentino,
1391 5631 1519 5703 basilide,
1532 5633 1677 5702 Marcione,
1691 5634 1744 5693 Ce-

950 5727 1053 5792 rintho,
1070 5722 1230 5789 iiaoiebem
1245 5722 1396 5792 Ennomio,
1409 5732 1438 5779 et
1450 5723 1568 5790 Βοαοεο.
1583 5724 1642 5783 iioe
1651 5734 1743 5784 antem

948 5819 1022 5877 idem
1036 5827 1065 5877 et
1076 5818 1105 5874 io
1119 5814 1264 5875 Theodoro
1273 5814 1378 5874 laetum·
1388 5825 1439 5885 est,
1452 5824 1482 5873 et
1495 5817 1522 5874 in
1537 5817 1592 5875 1111
1602 5825 1740 5888 anemio.
