4059 6184
258 301 311 359 855

870 287 904 344 11.
924 283 1063 341 anaecn
1082 279 1282 340 cassanum
1339 285 1344 290 ·
1826 277 1868 352 r,

257 420 313 477 Sed
335 415 487 489 qutarobis
506 412 540 469 de
555 409 705 481 iudictous,
720 405 770 461 etsi
786 420 840 460 iton
856 418 944 467 serus,
960 411 1051 457 tamen
1067 398 1179 463 Alione
1201 405 1338 467 prestare.
1375 394 1527 466 compellat
1553 393 1750 452 rationabiliter
1769 405 1872 472 propriu
1966 387 1967 391 ’

258 516 346 568 uritur
370 501 537 564 rationabilis
550 509 638 556 metus
661 496 745 569 (dum
772 496 910 565 inexperta
932 499 1054 562 potestas

260 601 342 659 trabit
354 596 444 669 potius
458 593 493 648 ad
508 591 633 647 timorem
648 588 677 660 ),
694 595 824 659 quantum
834 583 873 639 ud
885 597 975 640 meum
990 597 1055 651 pro-

259 692 376 764 positum
399 685 526 758 pertinet,
547 680 660 752 jocante
681 677 747 743 lico,
772 689 916 745 rerumque
938 672 1055 730 dotniais

259 779 447 854 regnantibus,
472 774 563 832 omnia
584 771 660 828 tobis
683 769 772 840 justa,
798 768 887 824 earnia
914 764 1054 821 moderata

260 870 419 946 promittite.
441 865 571 927 Priorum,
597 861 670 932 quod
690 860 808 915 maxime
825 856 944 927 iudicent
968 853 1055 910 debo-

260 969 360 1027 nestat,
374 956 561 1014 nundinatioa
583 968 627 1008 ute
649 950 719 1007 loeda
739 948 884 1005 nescietur.
909 945 967 1003 Nou
982 945 1055 1001 cuim

262 1054 343 1110 verba
366 1065 447 1115 mea,
468 1062 545 1104 more
559 1046 694 1110 vestium,
717 1056 847 1113 suspensa
866 1039 1018 1096 venduntur
1031 1049 1055 1092 ·.

261 1143 370 1216 sperari
394 1157 409 1197 a
432 1139 511 1196 subis
530 1135 632 1207 aliquid
655 1135 712 1191 sola
733 1134 885 1203 specierum
910 1126 1056 1198 indigentia

260 1238 352 1301 saciet,
374 1248 428 1289 non
451 1229 584 1286 malitiosa
599 1225 742 1289 venalitas,
763 1223 807 1277 ubi
829 1219 1057 1287 amentemque

263 1339 369 1397 tempus
382 1322 488 1392 mitigat
509 1318 647 1375 moderata
663 1314 817 1386 preceptio.
840 1311 897 1365 Non
912 1309 1057 1364 indicimus

262 1418 334 1489 quod
353 1424 469 1482 ematur,
483 1426 534 1467 nec
548 1409 582 1465 ad
597 1407 761 1463 taxationem
784 1403 914 1460 trahimus
933 1415 993 1470 quse
1006 1414 1056 1454 ue·

262 1510 378 1567 cessaria
393 1523 447 1563 ιιιιι
464 1505 608 1560 habentur.
635 1498 729 1555 Estote
751 1506 855 1553 tantum
870 1495 904 1549 ad
925 1500 1056 1550 consueta

1106 491 1222 557 anirnus,
1244 506 1279 547 ne
1294 504 1342 545 sos
1366 496 1459 557 urgeat
1479 493 1567 542 terror
1586 495 1715 543 armatus.
1738 488 1871 554 (λιιιιιιιιιι

1106 586 1216 653 excitat,
1231 586 1277 655 qui
1289 584 1369 655 justis
1383 583 1497 639 resultat
1517 582 1650 653 imperiis.
1666 580 1749 649 Quem
1761 582 1809 652 jam
1826 595 1874 644 ees

1105 690 1182 745 gero,
1196 693 1250 732 ouri
1261 676 1367 731 amabo.
1386 673 1433 729 Sic
1447 672 1519 728 enim
1539 681 1636 729 cuneta
1650 688 1709 743 quae
1722 675 1814 744 agenda
1826 690 1874 734 sunt

1107 769 1231 822 volumus
1243 765 1383 837 explicari,
1398 772 1428 820 ut
1438 780 1486 819 sos
1501 763 1575 819 nullu
1590 763 1757 833 corripulsore
1768 764 1875 826 laciarnus

1107 859 1239 915 imminui.
1262 858 1369 914 Servari
1391 858 1470 913 robis
1495 857 1618 927 cupimus
1646 871 1771 912 concessa
1792 859 1877 929 pridem

1106 948 1276 1004 dominorum
1299 945 1451 1014 beneficia,
1475 946 1549 1002 trulla
1571 946 1746 1002 abominabili
1768 955 1877 1018 prasino

1107 1038 1199 1108 ptione
1220 1038 1360 1093 distracta.
1375 1037 1513 1093 Honorem
1528 1047 1650 1092 nostrum
1677 1038 1736 1092 sola
1749 1051 1794 1093 sus
1814 1052 1879 1111 opta·

1107 1148 1167 1188 mus
1178 1133 1359 1203 gratulatione
1380 1132 1500 1198 sentire,
1522 1138 1550 1186 et
1570 1131 1746 1198 regnantibus
1762 1132 1825 1188 bosa
1843 1151 1881 1205 pe·

1108 1238 1176 1295 terr,
1192 1227 1236 1296 qui
1249 1234 1340 1281 restra
1366 1224 1501 1279 desideria
1528 1223 1579 1277 nisi
1593 1223 1658 1295 led..
1673 1221 1735 1294 risi]
1756 1232 1812 1279 strat
1827 1241 1883 1295 pre·

1107 1314 1217 1372 stitisse.
1243 1303 1333 1370 itvtte
1360 1329 1430 1369 nunc
1453 1314 1552 1385 adepta
1575 1315 1722 1369 securitate
1746 1317 1882 1381 gannientes.

1107 1404 1193 1471 Quem
1205 1403 1246 1459 ias
1260 1420 1314 1459 nun
1329 1402 1378 1458 suit
1389 1419 1497 1472 cogere,
1511 1405 1637 1474 potuistis
1653 1404 1806 1461 voluntariis
1817 1424 1886 1476 spon·

1107 1496 1228 1552 sionibus
1250 1495 1380 1564 obligare.
1403 1494 1471 1550 Nam
1493 1495 1539 1563 qui
1559 1495 1663 1550 dubitat
1682 1496 1734 1550 sub
1757 1494 1800 1549 lter
1813 1496 1884 1551 carrd-

263 1599 383 1665 solliciti,
394 1594 559 1651 dexteritate
577 1589 677 1656 securi,
692 1587 755 1658 quia
778 1585 845 1641 illud
866 1585 954 1640 solnm
979 1582 1058 1640 nubis
1108 1587 1198 1643 dentia
1215 1586 1287 1656 justa
1312 1585 1484 1656 promittere,
1498 1585 1556 1640 tuit
1575 1584 1676 1640 habere
1693 1584 1805 1639 liberum
1825 1586 1886 1655 qud

261 1690 440 1761 iudicauimus
463 1699 524 1740 esse
548 1678 730 1744 eutomodum,
752 1680 776 1734 si
790 1692 849 1745 sos,
868 1675 981 1745 jutarrte
1000 1673 1056 1728 Itu·
1108 1694 1163 1733 rron
1185 1687 1226 1732 est
1257 1675 1394 1747 pollicitus
1408 1676 1561 1731 immutare.
1587 1673 1689 1730 Tenete
1711 1675 1888 1742 igiturarbitrii

265 1782 349 1848 ntitm,
363 1791 503 1835 servemus
515 1775 623 1830 illaesos.
647 1769 706 1827 Nou
723 1785 771 1825 nos
785 1769 928 1838 quisquam
943 1766 1057 1820 militnm
1075 1779 1096 1838 g
1111 1768 1163 1822 mei
1185 1767 1312 1823 idoneum
1335 1767 1449 1835 vadem,
1473 1765 1612 1836 specuium
1638 1765 1740 1831 cordis,
1764 1766 1890 1835 irrugimus

264 1890 313 1946 pro
324 1886 373 1927 sua
388 1870 527 1925 voluntate
546 1864 697 1929 cuncutict;
713 1876 767 1915 non
788 1867 901 1915 exactor
914 1856 1060 1925 adjectitiis
1110 1860 1272 1926 ιιιιιιιιιίις
1289 1869 1317 1914 ut
1332 1859 1431 1929 quibus
1444 1873 1499 1914 non
1512 1874 1572 1913 sum
1584 1858 1652 1913 iaeie
1666 1865 1760 1923 notus,
1776 1859 1831 1912 tiara
1843 1875 1891 1912 nm

261 1962 387 2035 gravabit
399 1957 593 2022 incommodis;
608 1971 662 2010 uon
683 1952 769 2008 solum
784 1959 905 2017 uestras,
917 1949 964 2003 sed
978 1956 1005 2003 ct
1016 1945 1059 2000 ul·
1110 1968 1170 2006 rum
1194 1945 1325 2021 qualitate
1348 1951 1513 2019 recognitus.
1536 1948 1565 2003 ln
1584 1949 1636 2004 hac
1654 1966 1698 2038 me
1723 1950 1810 2019 potius
1827 1959 1892 2019 parte

265 2055 319 2111 llcii
340 2052 463 2112 irritetias
488 2047 683 2105 custodivimus
707 2059 812 2098 internus.
836 2040 941 2110 Alioqui
966 2039 1060 2095 inutile
1110 2043 1275 2114 conspicite,
1305 2056 1358 2112 qna
1385 2041 1469 2096 latent
1497 2049 1653 2112 presentes.
1683 2040 1744 2096 Nun
1767 2051 1806 2096 est
1829 2043 1894 2096 robis

265 2146 366 2202 tronum
388 2153 431 2199 est
450 2141 569 2213 judicent
598 2154 653 2194 non
679 2137 813 2205 accipere,
828 2142 856 2188 ct
879 2133 970 2187 struitis
988 2131 1060 2184 acci·
1110 2125 1377 2189 damnumabsentice
1400 2148 1490 2188 meae:
1511 2132 1602 2187 utilius
1623 2131 1891 2203 cstjudiecmmente

265 2238 355 2312 piendi
371 2237 506 2292 licentiam
521 2233 679 2306 praebuisse.
701 2230 795 2298 Neque
808 2227 879 2284 enirn
895 2228 935 2284 sic
953 2243 968 2279 a
983 2225 1061 2281 nobis
1112 2241 1192 2281 nosse
1202 2239 1283 2294 quarn
1295 2240 1421 2296 corpere.

266 2332 448 2403 egrediuntur,
464 2337 494 2383 ut
507 2343 538 2382 ca
554 2341 614 2396 ιιι
627 2324 697 2395 passi
713 2321 813 2378 inerint
832 2321 892 2376 aliis
902 2319 999 2374 merite
1023 2317 1061 2374 le·
1325 2347 1404 2418 179
1418 2344 1584 2400 Eppsppgq
1602 2341 1649 2398 px,

267 2426 336 2481 cisse
349 2421 502 2475 videantur.
523 2416 666 2471 imminuta
685 2421 748 2468 sunt
770 2412 841 2467 enim
855 2418 945 2466 restro
968 2424 1062 2463 aurore
1147 2452 1277 2493 summus
1290 2452 1483 2493 mmmm
1497 2452 1616 2492 §mm
1628 2450 1791 2491 mmm
1807 2451 1870 2489 m·

266 2511 399 2580 sullragia,
412 2523 473 2581 qne
485 2507 616 2561 hactenus
629 2505 749 2558 omnium
772 2502 936 2559 detrimento
950 2515 1059 2556 cresce·
1473 2522 1563 2562 pomo,

267 2606 340 2660 bant.
354 2600 524 2657 Ostendimus
544 2598 570 2651 in
590 2595 677 2659 nubis,
702 2594 759 2650 lico
779 2593 901 2663 jutattte,
918 2593 1063 2648 contineu-
1113 2596 1242 2654 Hortatur
1253 2607 1280 2652 ur
1295 2598 1405 2669 stirpam
1420 2599 1562 2676 jurensem,
1578 2613 1686 2670 rapique
1705 2616 1721 2651 a
1737 2595 1843 2651 ,psam
1856 2597 1900 2650 ,gp

267 2697 341 2759 tiam,
354 2700 383 2748 ut
397 2706 457 2747 earu
470 2687 600 2743 militibus
613 2687 673 2741 sine
695 2684 799 2755 pudore
823 2684 957 2753 imperare
972 2681 1059 2752 possi·
1382 2669 1513 2722 obseruari
1528 2677 1627 2722 careat.

267 2799 337 2839 111118.
352 2781 411 2837 Nun
425 2779 497 2835 euim
513 2783 603 2848 polest
625 2778 817 2830 auctoritatem
840 2771 941 2827 babere
961 2786 1061 2838 berillo,
1149 2779 1243 2837 Sciens
1256 2779 1291 2835 ab
1304 2779 1521 2836 piscoptraripm
1543 2777 1726 2852 prospectem,
1749 2778 1795 2847 qui
1815 2792 1902 2848 prppr-

268 2875 313 2947 qui
337 2889 389 2928 tren
414 2870 524 2941 juvatur
545 2864 680 2937 eteutple,
701 2863 766 2919 dum
790 2861 911 2932 iniquum
933 2861 968 2917 tii
990 2861 1062 2917 bunt
1114 2871 1241 2927 dentibus
1255 2869 1333 2925 usalis
1343 2869 1450 2925 inerant
1462 2869 1594 2925 imminuti
1620 2869 1698 2940 (dunt
1712 2884 1790 2923 rrtcns
1799 2868 1901 2922 bumana

268 2963 424 3038 precipere,
438 2969 466 3016 et
479 2959 544 3015 talia
567 2971 622 3012 nen
646 2954 753 3011 iecisse.
768 2952 909 3008 Ordinatio
923 2953 1005 3022 igitur
1018 2968 1064 3009 ue·
1113 2962 1194 3018 tacite
1206 2962 1360 3032 suspicatur
1372 2961 1407 3017 de
1417 2959 1539 3031 quolibet
1554 2960 1599 3015 illa
1611 2975 1675 3030 quae
1702 2958 1834 3030 pertulit),
1851 2972 1904 3027 pro-

269 3064 323 3111 stra
338 3052 479 3109 utilitatem
493 3047 628 3120 publicum
644 3043 834 3101 tantummodo
857 3044 991 3115 destituti,
1007 3060 1063 3101 11⁰ss
1115 3054 1195 3124 positi
1211 3053 1298 3109 nostri
1309 3060 1403 3108 vetunt
1424 3050 1533 3108 edictali
1550 3058 1646 3107 ιιιιιιι
1661 3051 1844 3122 promisimus,
1865 3061 1902 3112 oe,

268 3149 338 3202 lrtrta
350 3145 463 3217 privata.
479 3141 587 3199 Scimus
601 3155 661 3210 que
675 3154 725 3210 pro
747 3137 826 3195 uobis
836 3147 899 3193 vota
921 3136 1062 3208 fuderitis,
1081 3145 1227 3215 cjttvante
1239 3143 1304 3209 uso,
1319 3158 1388 3212 quos
1401 3157 1512 3199 securos
1526 3156 1586 3197 csse
1597 3142 1738 3212 cupimus,
1750 3140 1794 3197 vel
1806 3140 1839 3196 de
1857 3139 1904 3209 ipsa

270 3254 321 3310 qua
337 3236 424 3294 iutstis
438 3235 575 3291 anxietate
591 3231 725 3304 suspensi.
739 3230 866 3287 llelurme
878 3232 955 3287 nobis
969 3242 1011 3287 cst
1026 3242 1068 3288 ta·
1118 3235 1299 3292 sollicitudine
1310 3248 1495 3303 gravaremus.
1508 3232 1567 3289 Non
1580 3234 1653 3288 euim
1667 3243 1712 3288 est
1737 3248 1845 3304 parcum
1857 3240 1905 3283 tor-

269 3329 305 3383 liu
320 3326 419 3391 lacere,
435 3334 465 3381 ut
485 3326 575 3379 atinus
597 3322 708 3395 possitis
731 3321 758 3376 in
772 3330 862 3377 vestra
888 3322 1069 3378 exsultatione
1119 3335 1252 3395 metatum,
1264 3326 1406 3382 adeersum
1418 3325 1518 3395 aliquid
1527 3324 1676 3380 lorntidarc
1687 3322 1907 3390 remoramina

271 3419 400 3489 gaudere.
427 3415 571 3484 Patebunt,
595 3413 652 3470 lieo
675 3413 806 3485 propitio,
822 3428 903 3469 aures
920 3421 1020 3470 nostre
1035 3419 1068 3470 ad
1118 3432 1226 3488 semper
1240 3417 1349 3487 gratius
1362 3417 1512 3471 aestimatur
1538 3429 1693 3483 emergere,
1704 3417 1780 3485 quod
1802 3415 1907 3468 tinndur.

271 3509 441 3583 suscipienda
456 3508 591 3565 desideria
613 3506 843 3578 supplicantium:
866 3515 960 3562 auctor
980 3522 1068 3563 causae

271 3601 327 3658 suis
337 3616 388 3657 nos
401 3599 488 3657 oculis
498 3598 549 3655 sub
564 3597 690 3654 libertate
700 3597 807 3654 nisurus
821 3606 878 3664 est;
895 3609 949 3653 nou
964 3598 1070 3653 redem-

272 3700 329 3764 pta,
342 3690 390 3747 sed
402 3690 511 3761 propria
523 3690 613 3758 lingua
627 3687 763 3757 loquetur.
776 3685 857 3743 Vobis
867 3688 939 3742 enim
952 3704 1002 3744 nce
1012 3703 1070 3744 ser-

272 3782 343 3839 vitus
354 3781 505 3852 imperabit,
521 3794 601 3835 neca
615 3779 693 3835 nobis
712 3778 839 3834 nobilitas
851 3777 1005 3834 reiteranda
1030 3779 1069 3835 ia-

273 3872 411 3944 tigabitur.
440 3870 571 3927 Praetoria
597 3870 714 3942 denique
741 3877 833 3926 nostra
859 3870 949 3926 ruallus
984 3871 1071 3943 turpis

274 3971 350 4021 uctm
364 3964 484 4029 intrarit,
506 3977 586 4018 neme
609 3978 624 4017 a
646 3963 725 4019 nobis
750 3977 830 4033 quant
846 3973 958 4019 uerterat
982 3966 1071 4022 minus

275 4054 436 4124 locupletior
446 4053 536 4108 rediit.
548 4051 668 4108 Neseiait
691 4053 869 4110 domesticum
893 4057 1070 4127 penetralea

275 4143 410 4201 subselliis
419 4143 585 4213 discrepare.
599 4141 719 4198 iudicem
730 4159 774 4200 tue
784 4145 931 4201 observans
942 4146 1070 4213 inveniet,

276 4250 440 4307 qnueuuque
462 4233 625 4304 respexerit.
650 4233 827 4291 verecundie
851 4251 1005 4304 irremotus,
1032 4235 1073 4306 ju·

276 4336 357 4381 vante
370 4323 437 4391 Deo,
450 4324 491 4380 sic
501 4337 583 4394 agere
603 4338 652 4380 nos
666 4332 801 4395 optamus,
817 4326 1043 4398 quemadmodum
1056 4343 1072 4382 a

264 4435 367 4476 rerum
386 4418 503 4476 dominis
523 4416 650 4474 mandata
672 4420 851 4491 suscepimus.
865 4419 920 4476 l'us
934 4420 968 4475 ad
982 4421 1072 4476 carnia

1119 3507 1194 3566 sosii
1220 3524 1236 3565 a
1257 3509 1357 3565 nostris
1381 3508 1611 3580 temporibusve!
1635 3509 1753 3562 nrinima
1778 3503 1909 3563 credulitas

1120 3597 1248 3656 laesionis.
1263 3587 1321 3654 lieo
1332 3598 1389 3668 jam
1402 3598 1506 3654 uicinus
1525 3606 1577 3666 est,
1596 3598 1644 3667 qui
1669 3599 1763 3654 cuatus
1790 3605 1909 3668 pomer:

1119 3691 1182 3762 quia
1199 3699 1261 3747 tuuc
1270 3690 1372 3761 aliquid
1386 3690 1564 3760 persuadetur
1591 3688 1700 3757 aninlo,
1716 3704 1781 3745 cum
1806 3687 1908 3741 intrare

1120 3783 1156 3838 rit
1169 3791 1265 3854 pectus
1276 3791 1340 3853 apta
1353 3782 1419 3856 [ed.,
1430 3779 1503 3853 acta]
1517 3781 1646 3852 suspicio.
1663 3782 1842 3853 Quapropter
1851 3777 1912 3832 dica·

1122 3874 1161 3932 tio
1171 3882 1217 3930 tua
1232 3873 1354 3946 perlusa
1365 3872 1541 3929 celeberrima
1552 3873 1668 3943 proponi
1681 3873 1769 3928 iaciat
1781 3868 1912 3926 destmatr.

1121 3966 1221 4037 Aprum
1237 3973 1279 4021 est
1291 3964 1364 4020 euim
1377 3964 1411 4019 ab
1425 3964 1467 4018 itis
1474 3962 1548 4032 iussa
1562 3964 1706 4033 cognosci,
1717 3979 1791 4035 quos
1805 3958 1902 4018 timisti

1121 4072 1182 4112 tuus
1204 4054 1355 4111 admoneri.
1379 4052 1519 4109 Excitetur
1532 4052 1831 4110 nuocamureumium
1853 4048 1914 4104 ciret

1121 4149 1245 4205 dominos
1258 4146 1367 4214 delices;
1381 4155 1422 4213 ut,
1437 4148 1508 4204 sieut
1527 4162 1577 4203 nos
1590 4146 1699 4203 nullum
1714 4144 1853 4204 contraria
1874 4155 1916 4196 so·

1123 4239 1221 4294 luimus
1236 4237 1401 4308 cogitatione
1415 4237 1590 4309 suspendere,
1605 4238 1644 4294 ita
1659 4253 1694 4293 se
1712 4245 1742 4293 et
1765 4236 1803 4292 illi
1817 4233 1916 4290 demtos

1123 4328 1244 4384 debeant
1258 4329 1302 4399 pic
1312 4328 1487 4397 regnantibus
1497 4327 1638 4384 exhibere.
1651 4329 1830 4398 sponsiones
1839 4331 1917 4379 aneta

1124 4427 1229 4475 nostras
1242 4418 1306 4493 [ed.
1321 4419 1435 4490 vestras]
1449 4435 1497 4474 eos
1511 4434 1589 4475 veras
1598 4419 1725 4486 edicitis,
1740 4419 1765 4474 si
1779 4412 1917 4490 promeb-

278 4508 347 4579 lusta
375 4519 463 4567 estote
484 4509 590 4572 devoti,
616 4518 646 4564 ut
674 4524 718 4565 me
742 4511 941 4581 provinciarum
966 4522 1071 4582 patrem
1088 4510 1669 4582 plibusaequabditerproesidetis.ltiligite
1696 4511 1919 4584 justitiamque

278 4599 382 4655 faciatis
392 4615 541 4671 essequam
554 4599 567 4639 ¹³
576 4601 693 4670 judicem
705 4619 712 4655 t
724 4603 788 4673 quia
801 4604 898 4659 iterum
909 4605 1017 4674 gratius
1025 4605 1074 4659 ira-

279 4692 372 4758 scitur,
387 4692 434 4763 qul
455 4691 566 4748 minime
580 4692 614 4750 de
634 4694 801 4764 probitatum
812 4696 919 4752 actione
932 4705 1072 4767 pensatur.

279 4782 346 4839 llam
366 4784 389 4839 si
412 4783 565 4854 praebueris
584 4783 738 4840 laesionibus
757 4785 929 4854 obsequium,
948 4786 1013 4856 quid
1035 4786 1073 4841 illi

280 4875 437 4947 impendere
460 4875 576 4944 debetis,
599 4889 679 4946 quem
691 4876 769 4933 robis
788 4891 951 4947 magnopere
965 4878 1074 4934 studere

280 4965 607 5038 cognoscitislbotemnia
629 4967 773 5023 commoda
798 4978 810 5006 ι
834 4967 906 5024 sedis
919 4976 1016 5023 uestrae
1035 4969 1076 5024 la·

280 5063 440 5118 borarrtibus
451 5059 580 5117 militibus
594 5076 648 5116 nen
667 5067 809 5131 negentur,
824 5061 886 5132 quia
900 5062 957 5132 ipse
971 5063 1074 5132 praebet

280 5152 353 5207 riam
365 5151 525 5221 excedendi,
540 5152 586 5223 qui
599 5166 653 5207 non
664 5151 766 5222 patitur
776 5151 850 5221 justa
862 5152 990 5210 uersolri.
1002 5152 1075 5208 Prae·

282 5240 367 5312 ceptis
379 5242 460 5297 ctiam
479 5241 580 5298 uostris
600 5241 784 5299 obedientiam
807 5243 931 5313 aequabili
953 5242 1076 5299 medera-

319 5408 331 5436 ·
347 5398 495 5469 lutperator
516 5397 709 5455 Constantinus
721 5417 727 5452 :
739 5398 797 5454 Nun
819 5400 854 5455 sit
866 5399 962 5455 venale
978 5397 1077 5469 judicis

283 5469 405 5532 verbum,
421 5484 474 5525 tren
495 5468 631 5537 ingressus
644 5469 787 5541 redempti,
805 5486 859 5525 nen
874 5470 972 5525 iulattte
987 5470 1075 5525 licita·

285 5540 402 5592 tinuibus
412 5544 596 5602 secretarium,
617 5539 635 5593 l.
649 5538 675 5604 l,
688 5538 722 5594 de
737 5541 806 5595 ollic.
830 5549 896 5596 rect.
913 5538 1030 5610 prosim,
1043 5537 1075 5593 C.

285 5607 388 5663 l'lteud.
403 5607 515 5677 Quidam
539 5608 659 5674 uerbum,
682 5622 742 5679 pru,
762 5610 866 5676 vclurn;
890 5610 955 5665 uiltil
970 5618 1072 5665 temere

268 5685 403 5742 ·xnutem;
418 5693 476 5747 arg.
487 5679 506 5734 l.
518 5648 585 5745 bd.
600 5678 639 5734 lte
649 5680 789 5751 eastrige
800 5680 817 5734 l.
833 5681 861 5747 d,
871 5680 938 5735 Cori.
956 5678 1071 5745 Theod,

287 5749 347 5801 cod.
365 5747 406 5801 tit.
423 5748 490 5804 Vide
503 5747 580 5814 inira,
596 5747 649 5803 hoe
662 5749 707 5803 lib.
724 5764 766 5814 ιιι,
783 5750 861 5819 epist.
877 5749 921 5815 52,
937 5749 1018 5804 offleii
1034 5750 1069 5801 in·

288 5815 383 5873 nostes
402 5831 498 5874 manus
516 5823 566 5874 rso
587 5819 729 5885 seirenes,
744 5834 839 5876 ritanus
861 5834 943 5882 oure.
959 5819 1074 5882 Seneca,

1123 4619 1172 4659 sus
1186 4611 1215 4659 et
1227 4604 1356 4659 amabiles
1366 4602 1457 4672 iaciat,
1471 4611 1500 4660 et
1513 4604 1662 4674 gloriosum
1689 4605 1866 4661 commodum
1878 4613 1919 4652 sua

1124 4695 1331 4765 participatione
1346 4693 1489 4750 coucedat.
1505 4693 1608 4751 Scitote
1621 4694 1723 4752 cilicia
1752 4694 1831 4751 vobis
1855 4688 1922 4762 guasi

1124 4792 1233 4839 aettruru
1246 4791 1397 4840 nestrorum
1421 4795 1504 4841 testes
1530 4786 1675 4840 assistere.
1699 4785 1737 4840 ut
1763 4786 1826 4841 ideo
1850 4793 1921 4852 qoam

1125 4891 1251 4945 magnum
1277 4885 1320 4932 est
1346 4877 1373 4931 iu
1401 4885 1537 4933 tantmum
1562 4887 1719 4947 conspeetu
1745 4878 1839 4935 lacere
1860 4867 1923 4944 quod

1126 4966 1246 5021 omnium
1260 4970 1365 5036 possint
1379 4981 1427 5022 ora
1442 4967 1606 5036 praedicaret
1618 4964 1770 5024 iudicium
1793 4964 1869 5037 qrrasi
1886 4959 1923 5029 iu

1126 5057 1252 5117 ridiciutu
1265 5061 1421 5132 cognoscite
1431 5061 1589 5116 recitatum.
1609 5061 1771 5119 tresolem
1785 5073 1865 5130 agere
1876 5067 1923 5112 uon

1127 5153 1205 5209 decet
1215 5151 1289 5224 quod
1300 5153 1370 5208 alter
1379 5160 1498 5209 accttsee
1515 5151 1583 5219 Quid
1599 5152 1704 5207 timeat
1716 5169 1795 5221 reus,
1817 5166 1876 5208 euru
1888 5146 1923 5198 xi·

1128 5243 1199 5299 derit
1220 5243 1323 5298 crimen
1347 5242 1374 5297 in
1389 5240 1506 5298 fascibus
1531 5240 1738 5299 constitutum!
1766 5243 1831 5300 Sola
1856 5235 1924 5296 utaiu

1126 5398 1172 5453 lib.
1188 5414 1225 5453 ιιι
1236 5397 1377 5462 Cnidios..
1389 5399 1478 5454 novel.
1495 5399 1522 5466 8,
1538 5402 1646 5474 καθαραὶ
1660 5410 1773 5477 χεῖρες.
1796 5399 1875 5455 Fors.

1164 5470 1287 5534 tutanos,
1310 5472 1369 5525 sinc
1390 5471 1600 5540 comparationis
1610 5475 1781 5594 particula,
1798 5480 1827 5526 ut
1839 5464 1923 5546 ιιιιιίι.

1126 5541 1170 5595 vel
1180 5539 1317 5610 quidpiam
1332 5539 1419 5593 simile
1431 5539 1596 5611 suppleatur.
1635 5557 1700 5613 up.¹
1717 5544 1767 5598 lib.
1782 5557 1838 5608 ιιι,
1851 5544 1924 5608 epist.

1127 5609 1156 5675 9,
1170 5621 1198 5665 ιι
1209 5610 1255 5664 lib.
1271 5626 1309 5673 tx,
1321 5610 1400 5678 epist.
1415 5605 1460 5661 25.
1479 5609 1561 5666 Fotis.

1165 5680 1323 5736 eSalernum
1336 5677 1479 5751 conamudtt,
1502 5681 1526 5734 id
1542 5689 1583 5735 est
1595 5681 1722 5748 salaria;
1739 5686 1759 5739 l.
1776 5681 1924 5739 Coronatii.

1128 5752 1161 5806 de
1174 5766 1203 5805 tu
1215 5751 1290 5819 iud-t
1314 5745 1461 5803 thtttlttlr's
1483 5745 1508 5799 lu
1525 5750 1688 5819 qrelctmuc
1705 5755 1755 5811 lib.
1773 5772 1798 5823 1,
1814 5763 1839 5808 ιι
1852 5753 1922 5814 inim,

1128 5823 1180 5879 ltoc
1195 5822 1252 5882 lib„
1263 5818 1342 5881 epist.
1358 5812 1403 5868 33.
1423 5808 1507 5866 Furta.
