4059 6184
137 212 190 271 dib

779 209 961 265 latitantia!
982 209 1081 266 tlnnlt
1101 209 1131 266 ll.

1726 211 1779 268 tlt

138 327 214 384 serris
228 324 345 382 efficitur
358 324 465 395 qnidam
476 327 650 383 suauissimus
664 326 772 388 chorus,
797 325 843 380 illa
858 333 936 379 acuta
951 332 972 384 Α
1023 330 1141 388 ιιιιιιιιιὶις
1158 338 1209 381 ιιιιιι
1224 328 1313 380 crundel
1322 326 1483 384 clementiam
1491 342 1552 394 erpa
1563 325 1621 380 iilos
1635 327 1678 392 qni
1693 324 1782 382 ltalia

139 417 221 471 nimia
238 415 373 483 tensione,
394 416 444 470 isla
460 417 549 486 graris
569 416 658 485 aliqua
671 416 793 483 laxitate,
808 415 866 470 lucc
881 430 937 468 me-

140 511 184 567 dia
201 521 277 580 tergo
292 509 468 564 blandissime
485 516 654 578 temperato;
681 517 710 563 nt
725 509 847 563 hominos
860 522 890 561 sc
903 507 936 562 ad

140 612 243 659 tantam
257 600 405 674 perducere
421 616 475 656 non
490 601 652 674 praevaleant
663 601 804 664 unitatem,
817 599 842 653 in
854 615 939 669 quan·

141 707 196 752 tam
209 696 243 752 ad
255 695 384 752 socialem
397 697 612 751 convenientiam
627 696 731 749 ratione
745 695 863 750 carentia
875 710 937 764 pcr-

139 795 282 842 renerunt.
307 785 345 841 lbi
369 785 441 841 cnim
460 786 589 855 quidquid
613 786 786 850 excellenter,
807 783 937 854 quidquid

140 878 334 949 ponderatim,
358 877 486 949 quidquid
509 893 609 943 rauce,
631 878 761 946 quidquid
783 878 935 947 purissime,

140 971 263 1041 aliasque
282 970 425 1025 distantias
446 977 535 1033 sonat,
557 970 632 1039 quasi
656 970 682 1024 in
704 984 786 1023 unum
811 976 937 1022 orrratnm

140 1069 248 1115 constat
269 1060 495 1116 essecollccturn.
519 1057 552 1113 lit
575 1068 603 1114 ut
628 1058 750 1113 diadema
762 1057 847 1112 oculis
862 1058 936 1111 varia

140 1154 203 1208 luce
216 1165 396 1221 gemmarum,
409 1151 447 1207 sic
462 1150 564 1206 cithara
580 1150 737 1204 diversitate
757 1150 816 1202 soni
830 1148 937 1204 blandi·

137 1251 188 1298 tur
201 1243 316 1297 auditui.
340 1241 474 1296 Musarum
489 1242 542 1296 tcla
557 1242 666 1311 loquax,
685 1241 799 1294 stamina
813 1238 936 1305 verbosa,

140 1336 188 1389 lila
201 1334 338 1396 canentia,
351 1333 485 1402 inquibus
499 1341 595 1401 argnto
606 1332 710 1402 plectro
735 1332 845 1398 texitur,
866 1330 938 1399 qnod

139 1426 263 1481 dulciter
281 1424 414 1479 aruliatnr.
430 1422 505 1478 lianc
526 1424 607 1490 igitur
620 1423 652 1476 ad
668 1423 844 1477 intitutionem
858 1422 939 1475 variae

139 1515 289 1573 testudinis
303 1503 451 1569 Mercurius
473 1513 571 1568 dicitnr
591 1513 734 1574 invenisse,
758 1526 838 1579 qnam
864 1518 938 1564 tanta

140 1607 260 1663 utillima
275 1612 466 1677 procurantem
482 1604 630 1658 astronomi
646 1603 715 1656 inter
737 1602 829 1657 stellas
847 1602 939 1670 requi·

1024 398 1120 467 finibus
1133 400 1250 451 exterriti
1263 398 1429 458 celabatur,-
1447 399 1549 449 tundent
1566 406 1652 449 nronet
1665 413 1693 450 re
1707 394 1782 451 bitror

1024 469 1124 540 legatos
1139 485 1196 522 cum
1215 467 1356 523 cithoraedo
1373 468 1485 534 cannito
1496 468 1523 519 iu
1541 463 1652 520 Gallium
1668 467 1779 524 mitiore.

1023 601 1146 658 Gloriosa
1160 600 1267 673 quidem
1283 609 1380 654 vestae
1394 599 1501 654 rirtntis
1514 597 1646 654 alhuitate
1661 599 1674 637 h
1689 607 1781 668 gratu·

988 694 1085 757 lamnr,
1110 693 1182 761 qnod
1196 700 1302 759 gentem
1318 691 1484 745 Francorum
1509 690 1596 758 prisea
1616 697 1697 744 utute
1712 690 1780 745 resi·

987 787 1059 850 dem,
1075 785 1189 840 leticiter
1204 786 1229 838 in
1245 800 1312 838 nora
1325 784 1415 853 prelia
1430 783 1598 844 concitastis,
1613 792 1641 835 et
1653 781 1779 834 Alaman-

988 878 1064 932 nieos
1078 877 1201 947 populos,
1226 876 1315 930 causis
1329 874 1484 929 fortioribus
1508 873 1660 932 inclinatos,
1675 873 1780 927 uictrici

987 970 1098 1024 dextera
1114 968 1278 1023 subdidistis.
1295 967 1348 1021 Sed
1372 968 1500 1036 quoniam
1524 965 1673 1035 somperht
1688 972 1782 1019 ancto-

989 1062 1062 1115 rihns
1074 1060 1191 1131 perlidue
1206 1060 1361 1115 resecabilis
1375 1058 1482 1113 videtur
1496 1073 1623 1113 excessus
1647 1056 1728 1126 (qnia
1754 1064 1782 1112 et

989 1152 1177 1221 primariorum
1201 1150 1345 1222 plectibilis
1370 1149 1447 1219 culpa
1468 1149 1587 1203 omnium
1613 1149 1694 1204 dehet
1720 1163 1781 1202 esse

989 1242 1107 1297 vindicta
1120 1243 1139 1310 l,
1157 1250 1245 1295 motus
1259 1249 1365 1297 uestros
1384 1242 1410 1294 in
1426 1239 1511 1294 fessas
1526 1239 1654 1307 reliquias
1677 1246 1782 1308 tempe-

989 1342 1048 1388 rate
1069 1333 1154 1402 :qnia
1172 1332 1233 1400 jure
1247 1332 1339 1399 gratiae
1360 1340 1499 1386 alerentur
1513 1331 1636 1392 eradere,
1651 1345 1720 1401 qnos
1746 1329 1781 1384 ad

989 1433 1131 1496 parentum
1145 1431 1296 1478 uestrorum
1316 1433 1327 1460 e
1341 1422 1526 1477 delensionem
1542 1422 1673 1490 respicitis
1685 1419 1781 1475 conin-

989 1516 1070 1583 gisse.
1085 1513 1177 1567 Estote
1191 1513 1243 1568 illis
1255 1515 1358 1569 remissi
1371 1514 1455 1586 lurra,
1465 1509 1614 1583 remissuri,
1626 1512 1671 1580 qni
1683 1512 1782 1567 nostris

989 1604 1086 1660 linibus
1108 1604 1231 1658 celantur
1244 1604 1365 1657 exterriti
1382 1601 1439 1675 lCr.
1457 1603 1514 1668 Cui.
1538 1610 1562 1655 et
1581 1600 1605 1653 F
1606 1618 1676 1664 oran,
1692 1612 1782 1654 esler-

140 1699 258 1753 rendam
281 1711 342 1752 esse
364 1702 528 1765 putauerunt
552 1712 559 1747 z
584 1694 778 1763 persuadentes
801 1693 938 1746 coelestem
958 1693 1041 1766 ssnil.
1057 1692 1238 1748 Memorabilis
1253 1693 1402 1763 trinnrphns
1417 1701 1467 1753 est,
1488 1693 1665 1746 Alamannam
1681 1691 1783 1745 acerri-

142 1803 205 1844 esse
219 1787 361 1851 musicam,
376 1785 485 1855 qnando
500 1784 562 1857 lyrae
575 1784 687 1840 lormam
707 1783 938 1855 cirrnprchcmlere

141 1887 292 1949 potuerunt
315 1877 387 1933 inter
401 1875 490 1931 sidera
513 1875 681 1930 collocatam.
704 1872 850 1928 liarmonia
873 1888 938 1927 vero

140 1970 205 2026 oceli
231 1970 348 2023 humano
362 1982 487 2022 sermone
501 1967 598 2022 idonee
614 1983 666 2021 non
686 1974 775 2036 potest
798 1965 938 2035 explicari,

140 2074 224 2132 quarn
240 2057 310 2112 ratio
326 2065 429 2112 tantum
445 2057 535 2110 animo
549 2055 632 2119 dedit,
658 2055 705 2111 sed
720 2055 829 2109 auribus
842 2063 937 2107 natura

141 2168 197 2209 non
210 2150 339 2222 prodidit.
358 2150 455 2205 Dicunt
468 2150 540 2204 enim
554 2149 654 2203 debere
664 2148 747 2213 credi,
759 2156 789 2202 nt
802 2147 939 2201 beatitudo

141 2241 266 2299 scelestis
289 2242 361 2296 illios
378 2240 604 2296 oblectationibus
625 2237 787 2309 perfruatur,
809 2253 869 2307 quc
888 2253 939 2292 nec

143 2335 195 2389 line
208 2332 314 2399 delicit,
335 2347 385 2386 nec
407 2332 497 2401 aliqua
522 2331 720 2386 intermissione
743 2329 893 2383 rrrarecscit.
910 2328 938 2382 ln

142 2425 201 2496 ipso
226 2425 330 2493 quippe
354 2423 491 2478 intellectu
515 2422 637 2477 hahitare
667 2421 787 2475 referunt
811 2436 938 2489 superna,

142 2515 209 2585 ipsis
222 2515 330 2570 deliciis
342 2514 463 2570 cualestia
476 2513 587 2585 perfrui,
611 2521 640 2566 ct
663 2512 760 2567 talibus
774 2528 824 2567 cun
839 2512 940 2581 ernpla·

143 2606 265 2660 tionibm
290 2604 447 2658 inhaerentia
473 2605 560 2658 beatis
591 2603 693 2671 jugiter
714 2603 940 2659 delectationibus

142 2695 293 2752 contineri.
310 2695 382 2749 Bene
396 2694 505 2765 quidem
520 2693 652 2759 arbitrati,
664 2693 686 2746 si
699 2707 808 2747 cansam
821 2693 940 2747 celestis

142 2784 323 2841 beatitudinis
335 2801 387 2839 non
400 2786 426 2837 in
441 2784 525 2844 sonis,
534 2782 582 2838 sed
597 2783 761 2837 inCreatore
774 2783 939 2852 posuissent:

142 2878 187 2934 ubi
201 2876 340 2933 veraciter
353 2876 412 2931 sinc
424 2875 475 2930 hnc
489 2875 615 2945 gandium
629 2885 680 2940 cst,
689 2874 747 2927 sine
761 2874 851 2943 aliquo
862 2873 940 2929 ticillo

142 2987 260 3027 manens
274 2985 381 3041 semper
395 2971 547 3036 aeternitas3
569 2979 597 3024 et
610 2970 743 3040 inspectio
765 2969 822 3024 sola
838 2970 939 3024 hirini-

990 1800 1064 1840 mnm
1079 1784 1118 1838 sic
1140 1784 1292 1855 expavisse,
1317 1793 1346 1838 ut
1362 1785 1409 1838 tihi
1424 1799 1486 1838 enm
1502 1797 1583 1852 cogas
1596 1782 1630 1836 de
1642 1782 1702 1836 vitae
1724 1797 1783 1836 mu·

990 1895 1055 1935 nere
1075 1878 1237 1948 supplicare.
1263 1875 1385 1931 Snlhciat
1408 1876 1482 1930 illnnr
1507 1888 1597 1942 regem
1613 1889 1673 1928 cnm
1696 1874 1784 1941 gentis

989 1985 1045 2024 sure
1059 1968 1185 2040 snperbia
1198 1967 1342 2031 cecidisse;
1357 1965 1474 2021 sufficiat
1495 1963 1717 2019 innumerabilem
1739 1978 1784 2017 na·

991 2071 1090 2123 tionem
1115 2067 1212 2139 partim
1238 2066 1319 2128 leno,
1342 2064 1438 2134 partim
1465 2061 1575 2117 seruilio
1600 2060 1781 2130 subjugatam.

990 2161 1056 2216 ham
1072 2160 1094 2216 si
1109 2175 1170 2215 cum
1191 2158 1301 2227 reliquis
1315 2156 1446 2225 conlligis,
1469 2155 1555 2211 adhuc
1570 2164 1681 2210 crinctos
1702 2170 1784 2225 snpe-

990 2265 1064 2304 rasse
1075 2265 1129 2305 non
1143 2248 1270 2303 crederis.
1286 2247 1316 2302 ln
1332 2247 1430 2300 talibus
1444 2246 1532 2300 causis
1546 2246 1638 2316 accipe
1658 2245 1784 2315 hequen-

991 2353 1033 2397 ter
1046 2352 1198 2413 expertum.
1214 2340 1259 2395 ltla
1279 2341 1342 2394 mihi
1369 2340 1481 2394 feliciter
1499 2340 1569 2394 bella
1591 2349 1782 2411 provenerunt,

990 2449 1051 2503 qnae
1064 2433 1204 2488 moderato
1219 2429 1272 2485 hnc
1286 2440 1393 2501 peracta
1415 2438 1488 2484 sunt.
1503 2430 1527 2485 Ιε
1548 2431 1618 2484 euim
1633 2429 1717 2483 vineit
1739 2444 1784 2484 as-

991 2527 1077 2588 sidne,
1092 2525 1138 2595 qui
1152 2525 1227 2580 norit
1240 2524 1329 2578 narnia
1341 2532 1501 2595 temperare,
1517 2521 1580 2576 dum
1590 2520 1706 2590 jnermda
1718 2537 1783 2591 pro·

991 2617 1106 2688 speritas
1121 2616 1174 2671 illis
1188 2616 1277 2685 potins
1291 2614 1437 2680 blanditur,
1452 2613 1498 2682 qni
1521 2612 1678 2666 austeritate
1703 2612 1783 2665 nimia

992 2729 1047 2767 non
1069 2713 1216 2779 rigescunt.
1242 2709 1315 2764 Cede
1338 2709 1427 2777 itaque
1447 2708 1565 2762 snaritcr
1578 2708 1657 2776 genio
1679 2715 1784 2769 nostro,

992 2804 1064 2874 qnod
1079 2804 1128 2859 sihi
1154 2800 1291 2870 gentilitas
1314 2800 1450 2854 communi
1480 2798 1617 2852 remittere
1645 2795 1785 2851 consuerit

993 2897 1127 2964 excrnplo.
1144 2891 1188 2947 Sic
1203 2892 1275 2946 eninr
1291 2889 1329 2952 stt,
1346 2898 1376 2943 nt
1390 2898 1417 2944 cl
1436 2889 1502 2942 meis
1516 2888 1691 2957 petitionibus
1704 2886 1785 2938 satis·

993 2986 1089 3041 iecisse
1113 2983 1270 3051 rideamini,
1294 2981 1416 3037 necsilis
1438 2979 1546 3034 solliciti
1572 2994 1604 3033 ex
1630 2978 1674 3031 illa
1696 2984 1783 3046 parte,

144 3064 210 3120 “¹3⁵
222 3060 317 3124 essim·
335 3068 365 3114 ¹¹²
377 3059 480 3115 &³⁰⁰⁵
491 3075 551 3116 ⁶⁸³0
565 3060 601 3114 ¹¹5¹
623 3061 716 3131 Ρθῧὸῗί·
733 3059 796 3115 flfflc
810 3061 942 3115 l'ssfflfflssf
956 3079 978 3140 c
994 3093 1075 3148 aquam
1100 3076 1132 3130 ad
1156 3090 1206 3129 nos
1219 3073 1384 3143 cognoscitis
1399 3072 1546 3142 pertinere.
1569 3069 1699 3135 Quocirca
1715 3067 1786 3120 saln-

143 3150 347 3222 perennitatem
362 3157 479 3221 praestat,
503 3149 562 3203 hose
578 3148 761 3218 iocunditates
773 3150 941 3204 accumulat:

142 3253 172 3299 et
185 3242 261 3298 sicut
276 3250 373 3311 preter
385 3241 470 3309 ipsam
484 3249 608 3295 creatura
629 3255 682 3294 non
702 3247 801 3306 exstat,
826 3239 863 3292 ita
884 3239 943 3294 sine

143 3330 204 3403 ipsa
221 3330 472 3385 incommutabilem
489 3329 609 3384 laetitiam
623 3330 723 3384 hahere
739 3344 791 3386 rron
806 3331 942 3399 prevalet.

144 3424 199 3481 Sed
216 3425 347 3493 quoniam
370 3423 447 3478 nobis
473 3424 542 3479 lacta
567 3430 607 3477 est
628 3423 788 3492 roluptuosa
812 3422 943 3489 digressio

145 3517 224 3589 (quia
247 3531 356 3585 semper
378 3525 483 3583 gratum
498 3524 540 3570 cst
554 3514 588 3568 de
602 3515 725 3569 doctrina
750 3513 867 3582 colloqui
883 3529 943 3568 cnm

144 3608 269 3680 peritis),
283 3605 472 3670 eithartedum,
494 3620 602 3676 qnenra
617 3605 695 3659 nobis
709 3603 826 3659 diximus
848 3613 943 3675 postn-

145 3700 246 3760 lalnm,
262 3698 394 3769 sapientia
410 3705 498 3752 restra
513 3696 595 3764 eligat
608 3695 731 3766 presenti
753 3703 874 3764 tempore
889 3711 946 3748 me-

144 3794 248 3848 liorem
265 3810 273 3846 a
291 3790 410 3848 iacturas
431 3792 530 3861 aliquid
555 3789 674 3861 Orphei,
698 3806 758 3845 cum
782 3790 853 3846 dulci
877 3805 945 3845 sono

145 3885 292 3956 gentilium
306 3884 361 3940 iera
375 3886 457 3941 corda
471 3885 614 3940 domuerit.
628 3882 660 3937 lit
674 3891 782 3953 quantae
797 3883 872 3939 nohis
885 3895 946 3951 gra·

146 3980 192 4035 tia:
212 3978 312 4032 luerint
334 3987 422 4041 acte,
447 3984 529 4031 tantae
551 3975 628 4031 vohis
650 3990 682 4029 cs
707 3984 798 4029 nostra
822 3973 946 4044 aequabili

145 4067 377 4138 compensatione
401 4065 574 4120 referentur:
597 4065 642 4133 qui
666 4071 694 4120 et
716 4064 829 4134 imperio
854 4071 947 4119 nostro

144 4160 267 4232 paretis,
281 4166 308 4214 et
322 4157 393 4229 quod
409 4172 457 4213 ros
471 4153 619 4212 clarillcare
633 4158 728 4226 possit,
745 4154 860 4210 elicitis.

420 4284 586 4341 nrtsrota
604 4282 672 4338 ΧΗ.

211 4399 312 4442 toron
329 4393 340 4420 ·
359 4396 420 4438 aest
440 4394 598 4435 raincoaurr
618 4390 802 4432 rusoootncus
820 4389 885 4429 aex.

996 3178 1084 3223 lantes
1105 3171 1207 3222 honore
1221 3175 1249 3220 ct
1268 3161 1422 3230 allectione,
1438 3178 1489 3232 qua
1514 3161 1621 3228 dignum
1637 3167 1686 3223 est,
1712 3158 1786 3212 illum

996 3277 1025 3324 et
1051 3267 1123 3320 illum
1152 3267 1254 3333 legatos
1281 3270 1389 3316 nostros
1412 3261 1445 3316 ad
1468 3259 1655 3316 excellentiam
1670 3266 1787 3313 uestram

996 3365 1125 3415 consueta
1138 3355 1271 3410 charitate
1282 3354 1443 3417 ‹liresimns;
1458 3367 1507 3420 per
1523 3366 1592 3421 qnos
1603 3358 1631 3405 et
1650 3348 1789 3418 sospitatis

996 3458 1093 3506 restrae
1108 3447 1245 3511 indicium,
1262 3456 1290 3500 ct
1303 3453 1417 3515 speratae
1431 3443 1570 3514 petitionis
1591 3455 1789 3511 consequamur

998 3539 1135 3597 ellectum.
1151 3536 1276 3605 Quaedam
1290 3551 1363 3597 vero,
1375 3549 1434 3604 qnae
1454 3530 1488 3588 ad
1503 3548 1554 3587 nos
1568 3546 1617 3601 pro
1627 3531 1724 3585 restris
1737 3530 1790 3585 nti·

998 3631 1118 3687 litatibns
1139 3635 1331 3700 peruenerunt,
1351 3642 1401 3696 per
1422 3626 1518 3680 barnan
1540 3623 1686 3695 portitores
1707 3621 1789 3677 verbo

997 3731 1076 3787 robis
1094 3727 1252 3785 insinuanda
1268 3726 1465 3791 comnrisimns;
1480 3733 1508 3779 nt
1532 3724 1666 3780 cautiores
1690 3723 1788 3787 ellecti,

999 3829 1091 3893 optata
1115 3820 1225 3891 possitis
1248 3818 1360 3872 uictoria
1388 3826 1545 3872 constanter
1567 3815 1678 3884 expleri.
1695 3814 1790 3871 l'cstra

999 3912 1130 3981 siqnidem
1150 3911 1232 3974 salus,
1258 3919 1349 3964 nostra
1364 3909 1448 3979 gioria
1471 3918 1528 3974 est;
1544 3917 1571 3963 et
1586 3909 1666 3963 toties
1680 3921 1791 3976 regnum

999 4003 1082 4058 ltalim
1093 4001 1224 4073 prolicere
1235 4001 1395 4071 judicamus,
1411 4001 1517 4072 quoties
1531 4000 1565 4057 de
1579 4000 1656 4055 robis
1670 4000 1730 4054 lara
1743 4013 1792 4054 co·

999 4095 1163 4165 gnoscimus.
1175 4093 1359 4148 Citharmdnm
1375 4093 1456 4147 etiam
1478 4099 1536 4147 arte
1559 4107 1606 4146 sna
1621 4091 1734 4147 doctnln·
1745 4104 1793 4160 pa-

1001 4188 1069 4242 riter
1080 4186 1273 4241 destinavimus
1292 4185 1450 4254 expetitum,
1474 4185 1520 4252 qni
1544 4198 1592 4238 ore
1616 4182 1795 4251 manibusque

1003 4292 1122 4334 consona
1135 4291 1202 4330 voce
1216 4274 1349 4331 cantando
1364 4271 1388 4337 ἃ,
1416 4273 1529 4341 gloriam
1544 4279 1639 4327 restrae
1654 4269 1795 4340 potestatis
1884 4289 1889 4296 ’

1004 4370 1133 4427 oblectet.
1150 4367 1235 4434 Quem
1251 4365 1312 4421 ideo
1328 4367 1385 4420 lore
1395 4365 1531 4419 credimus
1544 4372 1661 4433 gratnm,
1676 4361 1739 4431 qnia
1761 4360 1796 4417 ad

147 4477 311 4534 Gratantur
331 4472 467 4529 Clodoroeo
497 4470 530 4524 dc
556 4468 663 4524 uictoria
684 4474 817 4538 reportata
839 4482 872 4521 rr
891 4465 952 4518 Ale
967 4452 1053 4519 Duos
1065 4476 1127 4518 enm
1139 4460 1281 4530 indicastis
1295 4472 1458 4527 magnopere
1472 4456 1651 4527 dirigendum.

186 4665 201 4692 ⁸
216 4651 266 4708 Sic
281 4647 385 4704 Ludnia
398 4648 496 4704 dicitnr
512 4643 581 4699 inira
596 4642 643 4697 lib.
659 4657 700 4709 nr,
720 4641 801 4710 epist.
815 4637 841 4702 l,
855 4637 901 4707 qui
923 4644 952 4692 ct
1003 4635 1070 4708 [lege
1084 4632 1218 4690 venantio
1231 4630 1341 4686 iuniore
1351 4637 1378 4684 et
1391 4628 1486 4685 Celere
1500 4627 1593 4700 cossi.
1606 4628 1725 4683 Forsan.

144 4723 327 4782 Clodoutous.
344 4717 409 4774 llide
430 4715 576 4772 Baroninm
601 4723 668 4769 tom.
685 4710 718 4766 Vl
739 4709 836 4766 Annal.
852 4707 885 4762 ad
905 4722 950 4761 an.

145 4797 208 4850 tir.
218 4789 282 4856 tull,
298 4789 350 4845 sub
361 4804 421 4860 cap.
436 4787 481 4851 ii,
493 4799 554 4855 pag.
570 4781 631 4837 sut.
647 4782 698 4849 Qui
714 4790 790 4851 putat
811 4779 880 4833 hane
893 4777 952 4850 cpi·

144 4867 254 4923 starium
268 4859 351 4915 inisse
361 4861 489 4928 scriptam
503 4871 575 4910 anno
586 4868 666 4923 supra
678 4854 771 4907 citato.
784 4849 844 4904 ina.

187 4932 310 4992 hminin,
327 4929 407 4984 idest
423 4927 580 4990 Clodorico,
597 4924 661 4992 quia
682 4920 834 4976 hadericus
845 4917 954 4973 dheba-

1043 4705 1135 4760 than
1155 4701 1347 4764 Theodericus,
1364 4709 1393 4754 nt
1416 4701 1492 4769 regni
1511 4703 1551 4756 sui
1565 4702 1636 4755 uires
1655 4696 1796 4764 stabiliret,

1005 4774 1189 4845 Adelphedam
1205 4787 1326 4826 sororem
1350 4768 1515 4840 Francorum
1541 4771 1596 4840 regi
1612 4768 1795 4838 copulaverat.

1005 4846 1148 4902 Matthaeus
1162 4843 1318 4897 Palmerius.
1332 4839 1415 4896 Foru.

1045 4916 1139 4972 tllam
1155 4913 1338 4968 Theudoricus
1357 4926 1479 4966 sororem
1503 4908 1638 4965 Clodorrci
1657 4906 1684 4962 ln
1706 4903 1800 4960 matri-

148 5013 210 5070 tur,
227 5002 316 5071 iuquit
340 4997 488 5053 ilermann.
503 4995 666 5050 Contractus
689 4992 716 5045 in
743 4990 901 5044 Chronica:
927 4993 955 5041 et
1007 4982 1312 5048 moniohahait.Greg.
1330 4981 1530 5060 Turonl'cnn.
1633 5047 1639 5058 ·
1729 5044 1735 5057 ι
1778 5043 1785 5056 ·

147 5076 190 5129 ait
203 5071 348 5127 uictoriam
361 5069 581 5128 Alemannornm,
597 5077 677 5132 qnam
690 5062 734 5116 bic
743 5060 849 5115 nuntiat
862 5056 951 5111 Theo·
1043 5056 1056 5095 ἅ
1073 5055 1137 5111 lndc
1155 5053 1352 5124 loquacissime
1372 5066 1466 5105 ntanus
1479 5051 1567 5108 diclae,
1583 5055 1610 5100 el
1623 5046 1736 5115 hnguost
1758 5043 1800 5100 dt·

147 5143 279 5208 doricus,
295 5140 366 5195 circa
382 5152 484 5192 annum
499 5135 599 5189 Christi
614 5131 678 5198 508,
703 5127 873 5185 Anastasiani
889 5141 955 5181 rero
1008 5128 1067 5197 gili.
1081 5124 1152 5181 lnlra
1164 5123 1210 5179 lib.
1227 5138 1262 5191 n,
1275 5122 1353 5193 epist.
1369 5121 1471 5175 ultima.
1487 5117 1616 5172 inanius.

147 5212 266 5286 turpem
293 5209 337 5276 lll,
361 5208 519 5278 contigisse,
542 5202 632 5261 l'elice
655 5211 684 5258 et
706 5200 860 5258 Secundino
882 5211 954 5252 coss.

860 5407 963 5419 ..υ--

974 5389 1085 5414 ...u-2
