4059 6184
223 370 277 426 S‘l'l

836 361 871 419 lt.
892 358 1031 424 tbhsstft
1049 357 1247 417 casstubolu

1794 362 1838 422 tit

222 486 353 555 guoristis
376 484 446 542 enim
472 496 532 555 quae
553 486 649 537 contra
673 491 717 534 mc
734 483 796 533 rota
817 474 1015 540 conflixerunt,
1032 475 1145 536 Autilia
1159 489 1268 544 sequar,
1283 473 1461 544 quaeritanda
1474 473 1615 545 refugiam.
1627 473 1759 546 lfigorille
1771 485 1840 538 ratio.

222 594 277 633 non
305 592 411 640 aurum,
442 589 496 629 nan
520 585 624 642 magnae
649 569 759 626 ualuere
781 583 876 639 preces
894 573 1017 622 :teritata

223 679 287 725 sunt
302 670 439 734 uniuersa,
458 674 488 721 ut
501 663 664 736 probaretur
683 661 890 733 sapientissimae
902 658 1019 715 domium

224 757 341 827 gloriosa
360 754 525 812 constantia.
539 752 612 807 Ordo
632 750 734 820 flagitat
748 749 873 807 dictionis
892 756 1020 819 augusta-

224 862 284 902 rum
296 854 417 902 ueterum
430 857 555 915 pompam
568 840 698 896 moderna
709 838 913 910 comparatione
931 836 1022 892 discu-

226 950 293 996 tere.
306 937 360 994 Sed
370 934 597 1010 quemadmodum
607 934 645 990 illi
657 931 782 988 sufficere
792 939 920 1003 poterunt
930 944 1022 984 exeni-

226 1028 271 1100 pfa
288 1027 415 1094 feminea,
430 1025 473 1080 eui
487 1024 607 1080 uirorum
623 1022 684 1075 laus
707 1019 779 1075 cedit
792 1017 936 1074 universal
947 1016 1022 1072 llanc

227 1122 250 1176 si
265 1126 406 1190 parentum
418 1116 516 1171 cohors
528 1112 572 1168 illa
585 1110 683 1180 regalis
694 1109 839 1180 aspiceret,
855 1115 982 1177 tauquam
995 1104 1022 1160 in

228 1208 369 1280 speculum
387 1204 558 1276 purissimum
578 1217 626 1257 sua
659 1198 794 1272 praeconia
819 1212 883 1252 mox
908 1195 1023 1251 rideret.

1072 565 1168 622 nabilis
1181 566 1277 620 arriruae
1292 565 1370 619 nobis
1396 564 1536 619 consilium
1550 574 1674 636 praestem
1694 565 1771 624 facies
1781 574 1831 627 reri

1072 658 1135 713 tatis
1154 657 1283 722 albescat,
1299 673 1333 714 ue
1351 665 1469 712 mentem
1493 665 1612 712 nostram
1627 658 1754 714 innubilet
1769 662 1844 732 caligo

1072 764 1219 820 corporea;
1234 764 1379 820 sequamur
1389 750 1460 819 quod
1473 749 1545 804 intus
1562 757 1615 816 est,
1631 765 1664 805 ne
1678 749 1740 805 foris
1752 768 1765 805 a
1779 755 1845 811 rubis

1073 840 1175 896 simus:
1190 841 1303 895 instruat
1317 839 1389 909 quod
1403 840 1437 895 de
1450 855 1514 894 uera
1524 840 1657 910 sapientia
1672 842 1750 912 sapit,
1763 843 1847 901 illumi·

1073 939 1120 986 net
1134 931 1205 1000 quud
1216 931 1317 987 coelesti
1328 930 1452 988 claritate
1465 928 1628 1002 resplendet.
1644 931 1734 987 Talem
1747 934 1849 1005 denique

1071 1021 1191 1093 judicem
1205 1022 1324 1092 excipiat
1341 1021 1463 1092 publicus
1487 1029 1574 1088 actus,
1595 1021 1702 1092 qualem
1723 1022 1800 1082 filiun
1811 1041 1851 1082 ea·

1075 1114 1174 1172 thelica
1196 1114 1277 1169 mittit
1290 1113 1339 1186 [Gr
1371 1124 1395 1168 et
1410 1113 1481 1186 Cui,
1506 1112 1602 1186 nutrul
1625 1113 1752 1171 Ecclesia.
1765 1115 1791 1171 ln
1804 1119 1852 1176 suis

1076 1222 1126 1262 nus
1139 1206 1220 1261 etiam
1244 1205 1400 1264 muneribus
1422 1206 1510 1268 uirtus
1532 1214 1625 1263 saneta
1640 1207 1853 1279 custodiantque

230 1298 331 1355 Enituit
354 1297 426 1352 enlm
445 1294 554 1350 huillus
571 1291 712 1356 felicitate,
733 1286 896 1359 08lf08⁰l¹¹i¹
919 1286 1025 1358 hillen·
1075 1296 1211 1368 graviores
1230 1295 1340 1351 insidias
1362 1296 1467 1366 antiqui
1490 1295 1637 1351 aduersarii
1653 1303 1718 1352 tunc
1737 1299 1852 1366 subirruu,

230 1392 279 1461 tia,
295 1388 391 1445 Albula
406 1385 625 1450 mansuetudine,
636 1381 943 1451 llunitariusoequitate,
959 1377 1026 1434 Uni·
1076 1385 1184 1464 quando
1206 1386 1265 1455 ejus
1278 1385 1348 1444 dona
1362 1385 1533 1456 suscipimus,
1558 1385 1647 1442 Νριῑιθ
1660 1387 1688 1442 q„
1708 1403 1750 1442 me
1763 1398 1855 1445 12„qu

230 1483 345 1540 ruundus
372 1482 472 1548 torma,
497 1477 681 1543 Thorismusst,
710 1474 851 1542 wilibald,
877 1471 1025 1530 Uutltmer
1077 1479 1190 1549 rejicere
1216 1478 1335 1534 eiritatis
1360 1479 1434 1534 illius
1458 1495 1564 1547 curaui,
1585 1494 1645 1551 quae
1671 1480 1760 1549 potius
1778 1492 1857 1538 restra

231 1577 292 1641 fide,
309 1574 472 1630 Theudlfflet
495 1571 605 1641 illeille,
629 1568 760 1639 Ριῑῑθιιῑῑῑι
783 1567 825 1637 (¹¹1
835 1564 891 1634 1³¹¹!
910 1560 1026 1633 Vidistis)
1079 1570 1157 1626 laude
1177 1585 1273 1625 secura
1297 1577 1347 1626 est.
1363 1569 1418 1624 Vos
1430 1570 1501 1625 euim
1517 1571 1703 1641 speculatores
1721 1571 1858 1629 Christiana

232 1665 347 1736 inclytus
358 1671 445 1734 pater.
458 1660 659 1729 cognoscerent
670 1657 714 1714 bie
728 1655 848 1728 profecto
860 1653 976 1710 uniuersi
991 1653 1029 1707 si·
1079 1661 1181 1732 populo
1199 1659 1359 1732 praesidetis,
1380 1677 1429 1716 vos
1443 1661 1527 1730 patris
1551 1662 1659 1717 nomine
1679 1662 1798 1719 uniuersa
1810 1663 1859 1718 dili·

233 1755 345 1827 gillatim
361 1754 479 1826 propria,
504 1751 552 1807 sed
572 1749 687 1805 feliciter
709 1747 858 1804 faterentur
871 1762 932 1802 esse
946 1760 1028 1814 supe·
1080 1752 1151 1822 gitis.
1167 1749 1304 1806 Securitas
1324 1764 1389 1821 ergo
1411 1751 1497 1821 plebis
1511 1751 1545 1808 ad
1566 1760 1685 1812 uestram
1709 1754 1812 1823 respicit
1826 1756 1861 1809 fa·

233 1854 303 1912 rata,
314 1842 424 1915 quaudo
436 1842 515 1898 unius
525 1839 690 1911 praeconium
701 1852 764 1892 cum
774 1836 851 1891 turba
865 1851 895 1892 so
904 1835 964 1903 iure
973 1850 1028 1889 nuo
1045 1852 1163 1911 punam,
1179 1842 1221 1897 cui
1233 1841 1361 1899 alevingus
1374 1852 1417 1898 esp
1437 1842 1581 1897 commis„
1596 1842 1730 1900 custodia,
1751 1845 1861 1914 Quapm.

235 1942 324 2009 poles!
337 1948 445 2003 fthllfll'e
459 1932 598 1987 virtutum.
615 1929 760 1986 AEstimate
774 1926 852 1999 qtlllle
863 1925 902 1981 (ils
913 1933 985 1981 essttl
996 1925 1031 1980 de
1083 1941 1141 2005 pler
1156 1950 1206 1989 nos
1219 1933 1298 1990 decet
1311 1933 1447 1990 custodire
1460 1933 1561 2004 aliqua,
1575 1932 1624 1989 sed
1639 1949 1689 1989 vos
1709 1935 1804 1989 omnig,
1820 1933 1862 1989 Pp.

235 2025 282 2080 llli
298 2022 406 2084 hilfedf
433 2021 578 2093 Studium·
603 2034 664 2090 (1⁰ae
685 2018 781 2084 “lesbi
804 2017 891 2088 ll⁰¹1¹il
916 2015 1032 2073 “³¹¹le
1082 2026 1155 2084 scitis
1168 2025 1276 2097 quidem
1288 2025 1464 2098 spiritualiter
1473 2025 1646 2081 commissum
1660 2025 1740 2080 uobis
1751 2038 1862 2096 gregem:

235 2123 407 2172 cunctorum.
422 2110 557 2188 Quaeratis
570 2109 682 2168 forsitan
700 2106 889 2180 sequestratim
904 2105 1032 2176 principis
1084 2124 1173 2171 umen
1186 2131 1238 2172 nee
1258 2116 1310 2177 isra
1324 2116 1437 2186 potestis
1455 2116 1601 2186 negligere,
1616 2131 1678 2187 qure
1704 2116 1864 2186 corporisve

236 2205 307 2262 ¹³⁰¹¹³
321 2221 329 2257 ²
341 2202 446 2259 abunde
462 2199 732 2274 lllaedlffllfflbfflsslssu
748 2199 793 2270 ‘1¹¹3
807 2197 866 2268 ⁰1⁰⁸
883 2194 973 2256 laudat
985 2210 1033 2248 ³¹¹¹·
1083 2207 1181 2272 dentur
1193 2209 1372 2266 substantiam
1383 2208 1459 2282 175
1467 2209 1617 2265 continere.
1632 2208 1702 2264 uam
1717 2210 1784 2265 sicut
1794 2208 1866 2265 humo

236 2303 351 2356 ctorem.
373 2291 502 2354 ‘Deinde
530 2290 652 2351 retinetis
674 2287 856 2346 facundissimi
880 2286 1032 2359 Symmachi

236 2386 365 2442 eximium
386 2382 618 2454 dirturrr;Specto
642 2381 756 2444 feliciter
778 2380 886 2445 uirtutis
905 2379 963 2449 ejus
987 2393 1035 2433 au·

237 2487 357 2546 gmenta,
373 2475 418 2545 qui
429 2474 525 2530 differo
540 2473 648 2528 laudare
663 2471 805 2544 principia,
818 2469 974 2533 Subvenite,
987 2484 1037 2538 pa·

240 2577 294 2624 tres
312 2566 468 2636 curaeripri,
493 2575 520 2619 et
533 2562 638 2632 agendo
658 2577 708 2633 pro
723 2577 767 2618 me
781 2560 971 2619 courmunibus
984 2559 1035 2614 do-

238 2658 319 2714 initiis
329 2657 428 2724 gratias
440 2654 558 2710 debiturn
573 2668 662 2707 aueum
674 2661 763 2708 restra
774 2651 960 2707 satisfactione
972 2665 1034 2720 per·

239 2747 347 2802 soluite.
369 2743 435 2799 Nam
455 2744 526 2799 sicut
541 2758 609 2797 uiros
627 2741 727 2797 satiare
750 2756 804 2796 nun
828 2741 899 2796 ualet
917 2740 1037 2796 omnium

241 2847 312 2905 tota,
329 2838 366 2894 ita
379 2835 455 2892 multi
467 2836 546 2891 unius
561 2840 675 2907 possunt
689 2832 826 2904 complere
841 2830 982 2904 disposita.

531 2988 697 3066 uclsuobu
717 2987 751 3044 lt.

310 3099 400 3141 rosum
415 3100 488 3139 earm
500 3096 618 3139 scurror
633 3095 795 3136 annaneane
810 3095 961 3136 rnmrnmo.

1085 2308 1236 2359 constater
1251 2300 1393 2369 dualitate,
1407 2301 1444 2356 ita
1458 2300 1521 2356 boni
1536 2300 1621 2371 patris
1644 2308 1689 2355 est
1704 2310 1812 2369 utraque
1829 2315 1867 2355 re·

1086 2391 1188 2452 farere.
1211 2389 1330 2454 Primum
1348 2391 1489 2461 penuriam
1512 2389 1652 2459 temporis,
1674 2405 1757 2461 quam
1781 2389 1867 2445 delicta

1086 2490 1287 2553 promerentur,
1302 2480 1469 2536 orationibus
1493 2478 1594 2534 sanctis
1614 2488 1750 2536 amovete.
1770 2478 1868 2549 Siquid

1088 2583 1177 2628 tannen
1193 2572 1276 2643 (quod
1290 2572 1370 2638 absit)
1395 2570 1538 2637 acciderit,
1563 2580 1627 2626 tune
1641 2571 1715 2627 bene
1738 2569 1869 2628 ιιεεεεειιιι

1088 2664 1249 2730 excluditur,
1267 2664 1376 2735 quando
1391 2672 1485 2720 eontra
1501 2678 1562 2718 eam
1578 2663 1628 2718 sub
1643 2663 1769 2719 ubertate
1783 2660 1839 2735 [Gr.
1848 2671 1870 2715 et

1089 2754 1160 2818 Cor„
1171 2754 1302 2821 ueritatc3
1318 2754 1378 2810 Jur.
1391 2764 1465 2826 putot
1482 2753 1618 2827 legendum
1629 2751 1769 2824 libertate]
1783 2761 1871 2809 tracta

1089 2853 1143 2900 tur.
1161 2844 1269 2901 llonotc
1290 2860 1334 2902 me
1355 2861 1416 2916 quac
1441 2854 1505 2901 suot
1522 2845 1640 2916 gerenda
1665 2845 1790 2902 sollicite.
1808 2844 1872 2900 liene

1089 2951 1170 3007 agere
1182 2937 1225 2993 rel
1237 2946 1378 3009 correptus
1388 2946 1500 3009 exopto,
1515 2940 1578 3009 quia
1593 2935 1731 2996 difficilius
1744 2938 1873 2995 erraturis

1090 3045 1150 3098 quae
1163 3044 1245 3084 voces
1259 3028 1396 3084 desiderat
1410 3028 1504 3084 audire
1517 3029 1649 3099 pastoris;
1672 3044 1724 3084 nee
1738 3028 1813 3084 faede
1824 3025 1873 3082 effl-

1091 3121 1161 3176 citur
1174 3120 1297 3189 uitiosus,
1313 3122 1356 3178 eui
1379 3120 1532 3176 admonitor
1546 3121 1646 3176 insistit
1671 3120 1804 3177 assiduus.
1817 3118 1874 3175 sm

243 3196 312 3253 Petit
326 3208 354 3251 ut
371 3194 533 3251 orationibus
555 3194 623 3278 eiras,
644 3191 874 3260 admonitionibus,
895 3195 1039 3264 correptio·
1053 3214 1076 3278 (ζ
1092 3206 1201 3280 quidem
1217 3209 1300 3277 Juulex
1324 3207 1470 3277 palatinus,
1497 3209 1545 3265 sed
1570 3217 1663 3265 vester
1688 3226 1743 3268 non
1767 3209 1875 3265 desinam

474 3264 550 3319 nibus
564 3266 642 3319 etium
659 3263 806 3342 adjureetur.

276 3378 484 3451 Supplieanelum
498 3376 575 3434 vohis
586 3383 637 3442 est,
652 3376 809 3432 beatissime
822 3385 909 3452 pater,
927 3385 955 3430 ut
971 3376 1037 3433 lauti·

243 3470 308 3526 tiam
327 3485 407 3540 quam
422 3485 471 3540 per
485 3485 533 3524 ros
547 3468 614 3536 (lieo
634 3466 776 3540 largiente)
797 3468 977 3538 percepiurus,
990 3484 1038 3524 cu·

243 3563 338 3620 stadici
366 3562 443 3618 nobis
468 3563 565 3617 restris
593 3561 761 3616 orationibus
790 3562 947 3618 sentiamus.
975 3562 1041 3629 Quis

243 3656 314 3709 euim
328 3653 432 3709 dubitet
450 3654 657 3723 prosperitatem
682 3658 802 3708 nostram
816 3653 914 3709 vestris
938 3655 1041 3712 meritis

243 3746 441 3817 applicandam,
468 3744 577 3814 quando
597 3744 730 3798 honorem
754 3743 939 3814 adipiscimur,
959 3747 1004 3815 qui
1025 3762 1040 3802 a

244 3844 358 3899 Domino
372 3843 444 3911 diligi
466 3860 519 3898 nou
543 3858 696 3910 meremur,
721 3851 748 3898 ει
763 3842 962 3913 permutatione
985 3842 1041 3897 effl-

245 3937 304 3992 caci
319 3936 389 3992 bona
411 3936 566 4005 recipimus,
580 3934 643 3989 dum
658 3934 720 3994 mlia
738 3949 790 3988 non
803 3935 933 4003 agamus?
948 3932 1043 3989 Eccle-

244 4026 359 4081 siasticis
374 4025 503 4096 siquidem
516 4024 625 4095 iejuniis
644 4025 728 4080 fantes
746 4036 789 4086 est
804 4026 913 4081 exclusa
927 4026 1041 4096 popula-

245 4118 297 4180 ris,
309 4116 415 4186 decoris
438 4116 563 4188 lacrymis
580 4117 688 4173 tristitia
709 4117 779 4178 foeda
799 4117 935 4182 discessit,
952 4127 979 4173 ct
994 4133 1043 4190 per

245 4216 354 4264 sanctos
370 4207 442 4264 uiros
454 4209 633 4266 acceleratum
649 4218 701 4276 est,
721 4224 756 4264 ne
777 4209 929 4265 traheretur
942 4209 1044 4266 diutius

246 4299 319 4372 qnod
330 4300 469 4371 gravabat.
487 4301 520 4355 Et
534 4301 595 4357 ideo
609 4302 731 4358 salutans
752 4300 921 4359 osslciusitate
935 4320 987 4374 equa
1001 4304 1043 4362 di·

181 4377 185 4386 *
247 4408 328 4463 guum
354 4402 404 4462 est,
420 4411 518 4467 precor
538 4403 569 4449 ut
590 4394 710 4451 riracius
723 4396 808 4452 oretis
824 4412 874 4466 pro
898 4396 985 4452 salute
1000 4413 1044 4452 re·

247 4488 403 4554 guantium;
420 4496 552 4556 quatenus
575 4502 670 4547 eorum
684 4488 766 4543 vitam
781 4488 899 4544 eoelestis
916 4487 1043 4556 Princeps

249 4663 400 4729 imminuat,
431 4673 553 4736 tempora
583 4669 726 4739 tranquilla
751 4670 884 4726 concedat
907 4686 914 4723 :
936 4668 1044 4735 deinde,

249 4755 320 4826 quod
342 4763 422 4813 ornat
445 4770 552 4828 pacem,
577 4759 757 4814 neeessariam
784 4759 862 4815 nohis
880 4760 986 4830 copiam
1011 4759 1046 4815 de

216 4901 223 4914 ,
250 4847 421 4909 abundantiae
436 4862 491 4902 suaa
510 4847 615 4904 horreis
629 4848 758 4917 largiatur
774 4867 780 4904 ι
799 4849 919 4919 mihique
935 4848 989 4903 filio
1002 4864 1047 4904 rc·

250 4950 307 4995 stru
322 4939 504 5012 intelligentta
522 4941 617 5002 sensus
631 4939 751 5011 aperiat:
775 4948 806 4994 ut
818 4952 879 5020 quae
892 4953 957 4995 rere
981 4948 1047 5001 sarit

289 5232 301 5260 ι
326 5220 424 5277 Doride
450 5222 565 5282 rettuerir
588 5221 768 5294 facundissimi
793 5220 963 5293 Senatorii,
991 5228 1044 5276 ete.

252 5292 316 5347 lime
330 5294 412 5347 rerba
431 5309 484 5348 non
507 5300 616 5349 exstant
638 5293 665 5348 ln
690 5293 763 5348 libris
785 5291 875 5359 Qatnu
889 5291 1047 5364 Symmachi

253 5362 334 5418 hodie
347 5363 436 5418 editis.
451 5362 510 5418 lun.

289 5430 427 5488 bllomam
441 5433 575 5503 intelligit,
586 5448 666 5503 quarn
681 5434 769 5502 legum
779 5431 957 5496 domicilium,
971 5445 1048 5503 gyru-

253 5503 358 5559 uasium
385 5499 550 5572 litterarum,
582 5505 683 5559 curiam
711 5505 886 5573 dignitatum,
919 5504 1050 5557 uerticem

254 5571 362 5636 arandi,
384 5582 412 5628 et
425 5574 539 5642 patriam
554 5574 684 5629 libertatis
698 5573 825 5629 Sidonius
836 5573 964 5643 appellat.
985 5570 1049 5624 llic-

254 5656 383 5714 roupmus
397 5645 478 5698 etiam
494 5645 520 5697 in
540 5644 655 5712 quadam
677 5644 789 5712 epistola
805 5642 919 5696 miratur
939 5641 1051 5696 Gadita·

257 5728 320 5766 rrum
330 5713 474 5779 quemdam
491 5712 544 5766 Titi
558 5713 622 5767 bivii
635 5713 694 5767 solo
705 5714 815 5767 nomine
824 5718 852 5764 et
863 5711 948 5780 gloria
960 5711 1052 5780 ιιιιιιιιε

256 5793 419 5837 ειιιιιιιιιιιιιιι
439 5781 532 5846 fuisse,
557 5798 637 5852 quam
653 5782 782 5846 humanat
801 5781 875 5840 urbis
895 5782 1050 5851 splendore,

256 5866 317 5906 eum
331 5850 442 5904 lloruarn
456 5861 592 5920 pergeret.
604 5852 679 5906 Nune
695 5867 759 5906 uero
771 5851 887 5906 nourrinis
897 5851 937 5905 sui
950 5851 1049 5907 decoc-

1091 3314 1151 3354 esse
1165 3298 1320 3369 discipulus.
1342 3298 1409 3353 Nam
1434 3308 1499 3360 tune
1519 3301 1570 3355 ista
1586 3309 1663 3357 reete
1682 3303 1808 3372 gerimus,
1830 3300 1876 3355 sia

1091 3391 1187 3448 restris
1207 3392 1308 3460 regulis
1331 3391 1442 3447 minime
1456 3392 1635 3448 discedamus.
1658 3392 1715 3449 Sed
1737 3410 1796 3449 euru
1814 3405 1877 3447 mea

1091 3482 1169 3540 robis
1182 3484 1334 3542 desiderem
1349 3492 1376 3538 ει
1400 3484 1504 3541 moneri
1519 3485 1649 3549 consiliis,
1671 3494 1701 3541 ct
1725 3482 1878 3540 orationihus

1092 3575 1223 3645 adjurari,
1233 3575 1289 3645 jam
1304 3577 1380 3631 robis
1403 3584 1443 3631 est
1462 3576 1663 3646 applicandum,
1689 3579 1713 3634 si
1728 3577 1792 3647 quid
1807 3577 1831 3632 in
1843 3590 1879 3630 ure

1091 3662 1173 3719 fuerit
1195 3665 1274 3719 aliter
1293 3679 1373 3733 quam
1391 3666 1537 3734 optabatur
1564 3666 1716 3724 inuentum.
1744 3666 1825 3722 Sedes
1842 3665 1879 3720 illa

1092 3763 1151 3811 toto
1171 3756 1238 3811 orbe
1253 3754 1409 3810 mirabilisb
1425 3756 1551 3826 proprias
1561 3764 1635 3824 legat
1647 3755 1881 3812 affectioneculto·

1092 3862 1150 3913 res;
1172 3847 1308 3919 quaelicet
1332 3845 1465 3916 generalis
1489 3848 1589 3903 arundo
1611 3848 1647 3903 sit
1662 3850 1795 3919 prestita,
1814 3846 1881 3903 robis

1093 3936 1174 3992 etiam
1199 3936 1371 4005 cognoscitur
1393 3943 1421 3991 et
1444 3936 1567 3991 localiter
1589 3937 1735 3993 attributa.
1759 3936 1883 3992 Tenemus

1093 4026 1193 4094 aliquid
1204 4034 1359 4081 sanctorum
1373 4026 1559 4096 apostolorum
1572 4028 1728 4097 proprium,
1744 4028 1767 4084 si
1777 4025 1883 4097 peccatis

1092 4116 1272 4171 dividentibus
1293 4131 1346 4170 nun
1370 4114 1500 4169 reddatur
1532 4116 1672 4182 alienum,
1697 4115 1807 4188 quando
1826 4129 1884 4171 eun·

1094 4208 1223 4263 fessiones
1234 4206 1676 4276 illas⁶,quasridereuairersitas
1687 4205 1883 4279 appetitllorna

1096 4298 1200 4356 felicior
1214 4298 1241 4353 in
1258 4298 1316 4352 suis
1333 4298 1437 4352 sinibus
1457 4298 1523 4371 fed„
1546 4297 1656 4371 linibus]
1671 4299 1778 4356 habere
1791 4279 1897 4370 prome?

1095 4391 1158 4446 ruit.
1178 4390 1220 4448 Nil
1243 4404 1308 4459 ergo
1335 4391 1461 4448 timemus
1484 4389 1582 4446 talibus
1600 4392 1741 4462 patronis,
1766 4392 1789 4446 si
1809 4386 1886 4444 uratia

1096 4500 1151 4539 non
1166 4483 1278 4539 desistat
1302 4482 1441 4538 antistitis.
1467 4481 1585 4538 Arduum
1609 4492 1651 4539 est
1667 4484 1781 4554 quidem
1798 4481 1887 4538 nrrrlto-

248 4574 329 4629 faeiat
352 4589 411 4629 esse
436 4575 595 4645 longuram,
625 4575 753 4632 Romanae
777 4576 931 4647 reipublicae
954 4576 1046 4631 hostes
1061 4578 1083 4636 l)
1097 4588 1156 4629 rum
1170 4572 1311 4629 desideriis
1323 4571 1491 4638 satisfacere,
1501 4572 1550 4628 sed
1564 4574 1638 4628 rtouit
1651 4573 1789 4629 Divinitas
1802 4584 1888 4639 magua

1099 4672 1238 4735 prestare.
1253 4662 1311 4734 lpsa
1327 4663 1453 4718 retundat
1465 4663 1580 4731 inuidos,
1597 4664 1656 4733 ipsa
1674 4665 1756 4720 nobis
1767 4662 1845 4720 faeiat
1855 4658 1888 4716 ci·

1098 4771 1148 4811 res
1161 4755 1262 4811 caelesti
1277 4754 1441 4825 aspiratione
1452 4756 1635 4824 gratissimos;
1649 4763 1680 4811 ει
1692 4751 1890 4826 supplicationi·

1099 4848 1149 4903 bus
1162 4848 1260 4903 restris
1280 4854 1400 4918 tempora
1422 4846 1532 4915 tribuat,
1549 4846 1645 4919 quibua
1664 4862 1788 4919 superna
1813 4841 1890 4914 gratia

1100 4940 1259 5012 predicetur
1273 4938 1386 4996 indulta.

1100 5216 1153 5275 trix
1172 5215 1257 5283 jacet,
1281 5212 1403 5281 nihilque
1424 5210 1497 5267 aliud
1520 5217 1563 5268 est
1580 5224 1663 5279 quam
1680 5225 1739 5267 sae
1752 5203 1887 5265 reuusau

1101 5287 1219 5358 pristina.
1232 5299 1357 5355 spurcum
1372 5282 1497 5334 cadaver.
1513 5280 1606 5335 Bnoss.
1873 5344 1879 5357 ι

1138 5354 1347 5427 seuuseauuu
1367 5353 1427 5406 iffae
1441 5350 1529 5421 (Petri
1549 5359 1576 5405 ct
1594 5348 1701 5420 Pauli).
1718 5347 1892 5426 Confessianrs

1103 5427 1212 5482 nomine
1226 5425 1360 5479 vocabant
1382 5431 1488 5491 partem
1508 5420 1626 5476 ecclesia
1643 5420 1692 5475 ubi
1706 5420 1822 5477 conditae
1835 5417 1892 5472 reh-

1103 5498 1172 5566 quiu·
1196 5508 1340 5564 corporum
1366 5500 1522 5548 sanctorum
1547 5489 1707 5553 subaltari,
1735 5504 1788 5544 uon
1811 5497 1893 5542 antem

1103 5569 1188 5639 ipsam
1209 5566 1339 5631 integram
1354 5561 1507 5624 ecelesiam,
1532 5569 1562 5614 ut
1582 5568 1657 5615 notat
1674 5559 1808 5614 llarunius
1821 5556 1893 5612 Corn

1104 5648 1187 5692 trient.
1204 5636 1229 5689 in
1246 5633 1382 5714 martyrol.
1397 5632 1489 5695 llurru,
1504 5632 1553 5684 suh
1567 5627 1638 5685 dieb
1653 5627 1732 5684 lulii.
1748 5628 1793 5684 Sic
1806 5625 1894 5696 accipit

1103 5709 1193 5762 clares
1207 5704 1385 5759 confessionis
1407 5703 1493 5755 sancti
1519 5699 1591 5754 Petri
1614 5697 1772 5758 himoiuus.
1799 5699 1893 5752 ilistor.

1104 5778 1199 5832 h'rane.
1217 5777 1261 5829 lib.
1283 5789 1319 5840 ur,
1334 5788 1394 5843 cap.
1410 5770 1455 5825 8l.
1477 5770 1551 5825 dilue
1571 5771 1660 5824 frrcrun
1682 5769 1813 5830 Eunoen,
1830 5763 1894 5838 apul

1105 5848 1215 5909 harem..
1230 5855 1295 5900 turis.
1312 5842 1355 5907 l'l,
1371 5855 1429 5913 pag.
1447 5840 1508 5898 out.
1525 5838 1618 5898 leuas.
