4059 6184
159 182 213 237 653

771 179 954 237 vnnttdtllt·
973 180 1072 237 ilenti
1092 182 1124 238 V.

1749 187 1801 243 ott

159 303 253 366 aptum
267 308 362 365 magis,
375 308 466 350 eruere
485 294 616 350 debeatis.
638 293 705 348 Nam
720 301 748 348 et
767 307 950 365 possessorem
969 294 1041 358 Aad
1064 303 1177 352 cunctos
1198 296 1284 368 possit
1304 297 1407 367 quietis
1421 298 1541 354 suavitas
1560 300 1710 370 pervenire.
1734 300 1803 359 il'nrn

159 389 217 444 bec
234 400 279 441 res
290 401 432 442 occurrere
446 385 520 449 iacit,
535 386 558 441 si
568 401 618 441 vos
632 383 784 441 necessaria
795 398 955 453 comparare

157 476 307 548 cognoscit.
329 475 436 534 iiovete
460 475 585 544 feliciter,
610 474 648 531 ite
672 474 814 531 proderati.
841 473 906 529 Tale
920 473 956 528 sit

159 568 211 627 iter
220 577 351 635 merum,
362 568 443 640 quale
453 568 534 625 debet
545 583 606 625 esse
616 567 663 638 qni
675 567 797 624 iabomnt
806 582 856 638 pro
868 566 956 622 salute

159 668 333 715 cunctorum.

436 770 605 828 semente
622 770 680 827 iiii.

223 877 404 917 mootnnoo
417 877 479 918 vrso
493 877 613 919 mnusrnr
628 876 812 918 rusonomcvs
826 876 890 914 nex.

158 950 236 1007 iubet
244 951 438 1006 vtPoientivno
453 969 539 1007 murro
549 951 693 1008 iraerediius
702 951 817 1020 Argolici
828 959 853 1004 et
864 952 959 1004 Anton-

194 1024 269 1078 divni
282 1030 382 1091 erepta
399 1024 608 1078 restitvotnrrvi
624 1029 711 1076 tmnen
723 1021 885 1076 invasoribus
895 1018 958 1089 qrrid

194 1094 429 1237 {mamertinis
443 1101 471 1147 nt
485 1093 520 1147 sd
530 1094 629 1148 curium
640 1093 754 1156 renam,
763 1091 809 1162 ivs
820 1106 896 1145 vnvm
910 1090 957 1144 de·

195 1257 226 1312 Si
234 1256 369 1327 justitiam
380 1255 471 1312 coiere
484 1256 626 1313 universos
635 1265 664 1312 et
676 1271 768 1312 sanare
779 1253 958 1327 praecipimus,

159 1358 264 1421 quanto
276 1349 362 1418 magis
374 1364 423 1405 eos
436 1349 482 1419 qni
497 1358 591 1405 nostra
607 1349 783 1421 proximitate
800 1348 958 1419 gloriantur,

159 1453 230 1509 quos
243 1438 334 1495 omnia
344 1438 423 1495 decet
436 1438 487 1494 sub
500 1438 581 1496 laude
592 1453 697 1508 gerere,
718 1447 748 1494 ut
761 1439 843 1508 regim
854 1438 960 1509 possint

160 1529 298 1599 fulgorem
313 1529 557 1599 consanguinitatis
580 1528 740 1586 ostendere!
756 1528 820 1584 lites
833 1536 875 1584 est
888 1528 960 1583 enim

160 1620 313 1676 indubitata
328 1619 541 1688 nobilitasque
560 1619 682 1676 moribus
693 1619 824 1689 probatur
844 1625 958 1673 ornata:

161 1709 226 1781 quia
237 1708 379 1781 pulchrum
392 1717 434 1765 est
445 1709 618 1766 commodum
628 1708 718 1778 mma,
730 1708 800 1766 ioeda
811 1708 962 1778 neglexisse

161 1801 237 1857 incra
251 1801 380 1871 pecuniae.
395 1799 514 1870 Argolici
523 1800 615 1871 itaque
624 1800 674 1857 viri
689 1800 812 1868 illustris,
823 1798 961 1856 eliman-

162 1891 238 1947 diani
253 1892 304 1947 riri
318 1892 460 1948 clarissimi
475 1891 598 1949 haeredes
616 1891 731 1963 supplici
750 1890 830 1947 nobis
843 1891 962 1947 aditione

163 1982 308 2052 conquesti
319 1990 392 2044 sunt,
409 1982 592 2038 i‘alsntianam
613 1997 740 2049 massam,
764 1996 845 2052 qnam
858 1983 899 2038 eis
911 1998 962 2054 pro
1015 2029 1022 2042 .

164 2073 389 2144 compensatione
403 2072 514 2143 largitas
527 2083 622 2130 nostra
633 2072 824 2140 vrarrsiudernt,
850 2082 879 2128 ut
894 2087 963 2130 casm

164 2165 304 2222 Arbitante
321 2168 494 2224 amissionem
513 2169 566 2224 hac
588 2166 782 2225 commoditate
793 2167 960 2234 solarentur,

163 2257 198 2313 ab
213 2258 370 2314 hominibvs
383 2258 490 2323 vestris,
515 2258 597 2315 nullis
622 2257 711 2316 caess
729 2259 908 2324 exstantibus,
923 2258 965 2314 in·

163 2347 297 2406 decenter
310 2350 447 2418 invasam3
463 2359 493 2407 et
504 2350 568 2406 inde
587 2350 704 2407 crevisse
715 2349 856 2420 cmpunoe
868 2349 965 2404 subre-

164 2441 268 2512 ptionis
285 2441 392 2507 vitium,
408 2440 479 2497 unde
506 2441 566 2498 dari
580 2441 674 2498 debuit
691 2440 816 2511 gloriosae
839 2438 965 2496 modera-

166 2534 250 2590 tionis
264 2534 428 2607 exemplum.
451 2532 623 2605 erapropter
643 2534 665 2590 si
681 2532 756 2589 nulio
769 2530 911 2588 mendacio
923 2547 966 2587 as-

165 2632 240 2680 serta
254 2623 395 2692 vitiamur,
420 2622 696 2694 iiagnitvdovestra,
719 2638 781 2694 qne
793 2631 859 2679 suut
877 2621 967 2678 ablata

166 2715 311 2779 mentun,
326 2722 355 2770 et
366 2713 390 2771 si
404 2715 469 2785 quid
492 2714 570 2772 vobis
582 2715 693 2772 creditis
705 2729 787 2788 posse
798 2721 965 2785 competere,

166 2806 198 2862 ad
225 2806 384 2861 comitatum
410 2813 533 2864 nostrum
556 2806 717 2862 instructam
738 2806 799 2876 jure
821 2819 973 2876 personam*

166 2895 258 2952 modis
271 2897 397 2952 omnibns
411 2896 555 2965 destinate,
572 2906 603 2953 ut
616 2898 733 2953 civiliter
757 2896 877 2967 plantata
892 2892 964 2970 [Cor.

167 2987 259 3055 (iarn,
275 2985 393 3059 plamtai
414 2989 535 3045 causatio
555 2988 637 3045 linem
651 2988 686 3046 de
700 2988 804 3059 legibus
824 2989 962 3045 sortiamr.

167 3078 204 3134 ibi
219 3079 295 3135 enim
308 3078 437 3150 quidquid
455 3080 569 3148 geritur,
585 3079 692 3135 invidiae
712 3089 764 3134 teve
778 3079 868 3151 potius
879 3078 966 3149 appli-

166 3181 260 3236 catur;
280 3178 309 3225 et
332 3167 434 3240 majora
459 3169 620 3226 detrimenta
642 3169 722 3225 lamec
743 3169 874 3240 suscipis,
901 3169 967 3224 dum

168 3262 232 3317 talia
248 3276 304 3318 non
318 3262 404 3319 vitare
414 3243 557 3319 eon'tendis
569 3281 577 3317 z
590 3264 634 3320 bic
643 3273 735 3319 antem
746 3261 894 3331 conligunt
903 3277 967 3318 cau·

167 3353 324 3425 scleribus
336 3355 404 3422 suis,
419 3364 448 3411 et
461 3356 520 3413 sine
541 3356 719 3428 derogatione
735 3356 849 3427 quilibet
863 3355 967 3412 medie·

167 3447 221 3502 eris
235 3444 383 3515 addicitur,
395 3446 505 3516 quando
516 3446 622 3518 justitia
637 3454 707 3502 teste
719 3453 874 3517 superatur.

409 3557 466 3628 gg
478 3554 647 3612 semrom
665 3554 736 3613 xm.

271 3664 403 3705 tersorio
416 3665 451 3704 ΕΤ
464 3662 580 3704 Amilo
596 3661 786 3704 incoveniens·
799 3662 864 3702 m.

170 3740 260 3798 iionet
274 3751 303 3794 vt
324 3756 445 3795 annover
464 3741 617 3794 constiterint
635 3739 761 3794 andem
780 3737 922 3810 pateant,
935 3754 970 3792 ne

305 3812 363 3882 ejus
376 3810 516 3880 direptioni
529 3819 638 3881 pateant
650 3809 832 3878 provinciales.

204 3902 331 3958 Studium
347 3910 465 3958 vestrum
480 3900 585 3972 reipub.
601 3910 679 3971 grata
695 3909 787 3956 mente
801 3900 906 3956 debetis
920 3899 970 3954 im-

170 3998 301 4068 pendere,
313 3995 376 4066 quia
387 4012 437 4051 nos
446 3994 597 4067 agnovistis
610 3993 786 4049 benemeritis
801 3992 885 4048 multa
901 4008 970 4062 prs·-

170 4100 254 4145 stare.
268 4088 337 4144 Nam
348 4087 458 4160 pietatis
468 4085 789 4144 intuituvicissitudinem
800 4085 969 4156 pollicemur,

169 4199 233 4238 cem
247 4190 341 4239 tamen
359 4196 409 4252 pro
429 4179 507 4236 vobis
521 4179 612 4235 omnia
623 4178 779 4248 iubeamus.
801 4179 890 4249 Atque
909 4178 971 4234 idco

171 4274 299 4342 proseliti
310 4271 433 4343 jussione
447 4287 497 4326 vos
514 4270 652 4327 credimus
669 4269 864 4337 admonendos,
879 4282 909 4324 vt
920 4285 971 4325 an·

171 4381 260 4422 nonas
271 4364 433 4421 constitutas
445 4362 576 4419 exercitui
590 4362 713 4433 prebere
727 4361 863 4429 debeatis3
876 4372 972 4430 quate·

170 4473 224 4516 nas
238 4473 289 4514 nec
303 4457 340 4514 ilii
355 4454 524 4525 negligantur
537 4454 652 4511 adverso
666 4463 742 4523 voto,
753 4470 804 4511 nee
816 4455 971 4526 provincia-

171 4551 212 4609 les
224 4552 379 4623 perniciosa
399 4550 498 4607 debeat
514 4564 628 4619 gravare
648 4549 777 4620 direptio.
797 4546 972 4606 Commodius

170 4645 247 4698 enim
260 4645 311 4700 sub
325 4657 505 4713 expensamm
525 4644 584 4712 lege
600 4649 709 4697 miretur
726 4641 870 4707 exercitus,
890 4655 973 4710 quare

171 4735 196 4790 si
218 4744 318 4792 euicta
336 4733 418 4792 iverit
438 4744 544 4790 vastare
558 4733 715 4806 permissus.
740 4731 850 4801 ignorat
862 4732 973 4788 modun

171 4843 285 4885 serrare
298 4828 485 4900 presumptio,
502 4843 551 4883 nec
562 4833 654 4897 potest
667 4824 718 4880 snb
732 4824 814 4881 modo
824 4817 919 4894 redigi,
929 4824 974 4880 cui

171 4921 283 4978 lieentia
297 4920 379 4978 inerit
392 4921 449 4976 visa
463 4915 586 4976 concedi.
600 4918 775 4990 Quapropter
791 4926 975 4989 consequatur

171 5012 313 5068 exercitos
335 5011 489 5067 alimoniam
512 5009 680 5081 deputatam,
706 5021 806 5078 nequa
824 5022 888 5079 pars
909 5020 977 5077 prn-

170 5102 277 5160 dlctam
291 5104 379 5175 possit
390 5103 525 5159 sustinere
539 5099 697 5156 violentiam
713 5098 783 5174 [viii
799 5095 975 5169 molestiaml.

450 5213 616 5271 epistota
633 5212 703 5270 xit.

269 5325 417 5367 omnlino
428 5325 489 5365 vtro
503 5323 625 5364 tttosnu
640 5320 825 5363 resonemus
838 5321 904 5360 REX.

175 5401 300 5473 Proeficit
312 5418 370 5456 eum
387 5399 488 5455 oibutv‘r
509 5400 644 5470 vrrirniqne
662 5416 708 5470 pro
728 5397 920 5469 possessionum
934 5395 976 5449 di·

210 5475 335 5528 versitate
345 5471 519 5553 r'mponentiis,
531 5481 554 5524 et
565 5469 818 5594 jebelnrrtpergnirnt
833 5484 893 5548 nont
900 5465 975 5547 judi-

211 5559 258 5597 ces
270 5542 301 5596 ob
311 5549 508 5614 {requerrtrorem
518 5557 563 5611 per
571 5557 717 5613 promonens
747 5555 871 5595 ncvrsvrn
882 5535 976 5591 rrrcoirs

210 5613 309 5669 ttttcrn
323 5612 462 5684 dispendio
474 5612 656 5683 irrogaverint.

209 5704 332 5762 iustitias
350 5704 420 5762 ratio
434 5702 577 5772 persuadet
590 5706 752 5767 excedentes
768 5704 925 5780 reprimere.
944 5711 976 5758 ut

1009 385 1235 457 quemadmodum
1257 388 1425 458 opinabilibus
1449 390 1546 457 agitm,
1571 390 1593 445 si
1608 390 1680 445 vires
1697 391 1803 448 medlo·

1009 478 1095 534 crium
1106 492 1268 547 consurgere
1277 495 1330 534 non
1340 479 1481 535 sinentur?
1491 478 1698 537 Prouincialium
1713 481 1804 553 itaque

1008 579 1162 626 nostrorum
1184 568 1282 640 sepius
1294 559 1404 641 quereia
1423 570 1612 641 comperimus,
1634 585 1804 644 possessores

1008 658 1121 716 idoneos
1131 657 1236 715 Suavis
1250 675 1305 715 non
1319 659 1406 715 solum
1421 675 1544 717 casarum
1558 676 1667 718 suarum
1688 663 1803 720 tributo·

1009 753 1077 807 riam
1097 750 1262 808 iunctionem
1286 753 1314 808 in
1335 762 1445 809 tenuem
1457 754 1574 811 relisisse
1589 753 1647 828 [pro
1666 755 1802 824 rejecisse.
1883 745 1886 750 ’

1010 843 1044 899 n.
1060 843 1106 900 Gr.
1121 854 1148 901 et
1161 843 1233 918 Cui,
1247 844 1376 918 resilisse]
1390 844 1638 914 iortnrmnr‚vernm
1652 849 1733 903 edom
1745 864 1806 905 sco·

1010 938 1096 994 iurato
1111 939 1274 995 commercio
1295 938 1396 1010 aliquid
1418 939 1516 995 exinde
1535 939 1591 995 suis
1603 940 1704 1011 passim
1718 940 1806 1011 appli-

1010 1044 1073 1084 care
1087 1030 1265 1100 compendiis,
1282 1038 1311 1084 ut
1330 1028 1433 1086 iunctio
1448 1030 1556 1102 publica
1569 1032 1749 1087 commoditas
1770 1033 1807 1088 sit

1010 1120 1126 1190 privata.
1150 1120 1209 1177 iioo
1233 1121 1342 1192 quidem
1365 1121 1569 1192 perplurimos
1594 1121 1808 1179 desideravimus

1011 1209 1124 1278 corrigi;
1139 1209 1187 1266 sed
1211 1208 1342 1266 hactenus
1366 1211 1393 1265 in
1408 1217 1482 1266 tuam
1506 1209 1613 1267 laudem
1626 1211 1733 1267 videtur
1753 1227 1805 1283 po-

1013 1302 1095 1358 tuisse
1109 1299 1224 1369 differri;
1249 1309 1382 1372 quatenus
1402 1301 1468 1360 iides
1490 1303 1637 1360 haberetur
1657 1303 1804 1375 acceptior,

1013 1392 1121 1464 quando
1135 1401 1196 1464 post
1210 1392 1309 1449 multos
1323 1393 1463 1464 neglectus
1484 1395 1600 1451 studium
1613 1402 1731 1451 vestrum
1745 1395 1806 1451 eiii-

1014 1486 1156 1541 cacissime
1178 1487 1369 1557 comprobatis.
1395 1485 1484 1558 Atque
1503 1488 1564 1543 ideo
1590 1486 1731 1558 prudentia
1753 1503 1807 1559 qua

1016 1587 1097 1635 notus
1110 1594 1150 1645 es,
1165 1580 1318 1635 universmn
1328 1595 1512 1651 possessorem
1522 1580 1692 1637 considerato
1703 1580 1807 1651 justitia

977 1677 1040 1738 nte
1052 1668 1178 1741 jobemus
1201 1668 1344 1739 inspicere,
1367 1678 1393 1725 et
1418 1670 1627 1741 aequabilitatem
1640 1670 1735 1726 tributi
1756 1670 1808 1726 bne

1012 1758 1120 1814 ratione
1133 1758 1286 1827 moderari;
1302 1768 1333 1815 ut
1344 1774 1405 1828 queo
1417 1760 1468 1816 sub
1481 1759 1540 1816 aliis
1551 1758 1621 1815 iacta
1633 1770 1674 1815 est
1687 1761 1808 1815 omnium

1012 1848 1199 1919 redemptione
1212 1859 1327 1913 cassata,
1345 1866 1395 1921 pro
1408 1851 1610 1921 posscssionum
1624 1860 1707 1922 atque
1718 1852 1808 1910 bomi-

1013 1954 1077 1992 num
1090 1939 1221 2007 qualitate
1234 1939 1303 1994 assis
1315 1939 1440 2009 publicus
1452 1941 1615 2011 imponatur.
1632 1940 1677 1998 Sic
1688 1943 1762 1998 eninr
1780 1950 1811 1998 ct

1011 2031 1115 2099 rustitio
1129 2030 1278 2101 perficitur,
1299 2041 1326 2087 et
1342 2032 1415 2089 vires
1436 2042 1590 2090 nostrorum
1605 2035 1809 2104 provinciaiituvr

1013 2124 1198 2180 sublevantur.
1220 2123 1275 2182 Eos
1300 2133 1390 2182 autem
1405 2141 1473 2197 quos
1494 2126 1553 2184 sine
1572 2126 1694 2197 jussione
1715 2138 1811 2184 noem

1013 2232 1125 2272 censum
1138 2217 1300 2287 imposuisse
1311 2218 1471 2286 constiterit,
1486 2227 1516 2274 et
1529 2218 1727 2288 proiibitosoo
1740 2234 1810 2289 quo·

1015 2303 1139 2361 rumdam
1154 2321 1240 2361 onera
1251 2305 1283 2361 in
1294 2306 1363 2362 alios
1376 2307 1560 2377 projecerunt,
1576 2307 1664 2378 legum
1678 2308 1810 2364 severitas

1015 2395 1187 2465 inequalem
1211 2403 1242 2451 ut
1260 2397 1351 2452 ornnia
1366 2396 1418 2453 iilis
1431 2397 1594 2452 detrimenta
1607 2397 1734 2462 sarciant,
1749 2397 1810 2468 qni·

1015 2485 1067 2541 bus
1089 2486 1305 2558 incompetenter
1330 2486 1428 2542 darona
1451 2487 1583 2544 iecemnt
1611 2486 1679 2544 illud
1700 2503 1809 2559 quoque

1017 2576 1187 2648 precipimus
1201 2576 1402 2647 inquirendum,
1417 2586 1448 2633 ut
1457 2577 1527 2633 iuter
1540 2578 1707 2646 mensores,
1721 2578 1811 2635 coria·

1015 2667 1056 2725 ies
1079 2678 1108 2723 et
1129 2682 1301 2740 possessores
1326 2668 1461 2724 illatorum
1489 2670 1559 2725 ratio
1589 2655 1754 2739 vestigetur;
1782 2677 1811 2725 et

1016 2758 1145 2830 quidquid
1159 2760 1193 2815 ab
1207 2768 1304 2816 octava
1319 2760 1465 2817 indictione
1476 2760 1516 2836 [id
1525 2768 1573 2827 est,
1588 2776 1660 2818 enno
1669 2760 1734 2826 Chr.
1745 2760 1811 2834 tito}

1017 2864 1104 2921 nuper
1118 2861 1243 2921 exempta
1254 2865 1337 2923 super
1349 2852 1519 2908 tributarium
1531 2851 1648 2909 solidtrm
1659 2867 1690 2908 se
1704 2867 1811 2924 posscs-

1017 2956 1064 2997 sor
1086 2942 1242 3013 probaverit
1263 2941 1395 3011 intulisse,
1421 2958 1473 3000 neo
1491 2951 1585 3000 nostro
1599 2945 1813 3000 erarioconstat
1836 3005 1844 3014 ‚

978 3045 1001 3106 g
1017 3034 1133 3105 illatunr,
1144 3043 1191 3091 aut
1201 3036 1228 3091 in
1243 3037 1369 3106 expensis
1379 3035 1547 3102 necessariis,
1562 3051 1622 3107 quae
1635 3035 1663 3091 in
1673 3036 1812 3108 provincia

1018 3126 1095 3184 iactae
1108 3136 1180 3194 sunt,
1190 3127 1263 3198 justa
1277 3128 1382 3184 ratione
1394 3143 1449 3184 uon
1458 3127 1586 3182 claruerit
1597 3135 1747 3196 erogatum,
1759 3127 1811 3184 ini-

1017 3233 1071 3289 qua
1096 3220 1270 3290 praesumptio
1293 3218 1379 3274 nrods
1401 3218 1526 3275 ornnibos
1548 3219 1709 3289 corrigatur.
1737 3219 1814 3276 iiam

1018 3326 1126 3384 quoque
1142 3320 1248 3382 partem
1262 3328 1317 3368 non
1334 3313 1452 3369 aestimes
1465 3312 1666 3384 negligendam,
1680 3322 1710 3367 ut
1723 3314 1745 3368 si
1760 3314 1813 3370 boe

1018 3402 1091 3475 quod
1104 3403 1252 3460 tabularins
1266 3419 1282 3458 a
1296 3403 1420 3460 cubiculo
1434 3411 1529 3460 nostro
1544 3404 1682 3477 suscepit·,
1693 3404 1814 3462 rabono

1018 3498 1110 3553 biiiter
1122 3512 1177 3553 non
1192 3497 1306 3553 docetor
1315 3510 1475 3567 expensum,
1487 3495 1521 3550 ab
1534 3495 1634 3564 iniusto
1646 3503 1814 3552 retentatore

1020 3590 1159 3646 reddatur.
1174 3588 1242 3656 Qum
1257 3587 1331 3643 enim
1344 3595 1400 3642 tam
1413 3586 1569 3654 absurdmo,
1584 3586 1636 3643 nisi
1651 3593 1680 3640 ut
1694 3585 1813 3643 liberali·

1020 3694 1061 3739 tas
1074 3691 1176 3749 nostra,
1193 3698 1273 3753 quarn
1287 3680 1419 3737 universis
1442 3680 1574 3751 prolicere
1594 3679 1727 3743 volumus,
1743 3694 1816 3734 nunc

1020 3792 1035 3831 a
1062 3775 1156 3846 paucis
1182 3773 1281 3830 iurtivo
1304 3772 1465 3843 compendio
1493 3771 1684 3844 opprimatur?
1706 3768 1819 3826 iudices

1020 3881 1129 3938 qnoque
1143 3865 1290 3938 provincis·
1303 3864 1345 3919 vei
1359 3862 1474 3919 curiales
1488 3871 1570 3933 atque
1588 3861 1746 3932 defensores
1760 3869 1816 3916 tam

1021 3959 1055 4015 de
1070 3974 1149 4013 curso
1163 3972 1243 4026 quarn
1258 3956 1292 4012 de
1305 3954 1365 4010 aliis
1378 3953 1460 4010 rebus
1469 3952 1563 4008 illicita
1574 3951 1700 4009 dicontur
1713 3964 1817 4022 posses·

1021 4052 1128 4108 soribus
1151 4051 1271 4120 irrogare
1293 4046 1442 4120 dispendia.
1457 4044 1536 4114 erod
1560 4054 1587 4101 te
1607 4044 1777 4118 perquirere,
1789 4050 1818 4098 et

1022 4156 1073 4200 suo
1086 4144 1191 4199 ratione
1205 4143 1294 4211 legum
1306 4141 1451 4198 emendare
1463 4154 1615 4196 censemus.
1630 4137 1739 4208 Antiqui
1753 4137 1819 4193 bar-

1023 4236 1083 4291 bari
1096 4235 1142 4305 qvi
1157 4234 1287 4289 Romanis
1306 4221 1466 4288 mulieribus
1486 4230 1618 4301 elegerint
1639 4229 1754 4300 nuptiali
1767 4226 1817 4285 ite-

1024 4326 1090 4384 dere
1103 4325 1211 4390 sociari,
1227 4323 1348 4396 quolibet
1363 4322 1441 4378 titulo
1459 4322 1559 4393 praedia
1570 4319 1753 4389 quaesiverint,
1771 4318 1818 4373 ils·

986 4409 1085 4473 Dcnm
1100 4415 1216 4487 possessi
1233 4415 1343 4488 cespitis
1357 4412 1522 4484 persolvere,
1538 4427 1570 4467 ac
1582 4424 1665 4481 super
1678 4408 1820 4465 indictitiis

1025 4505 1153 4562 oneribus
1179 4519 1275 4575 parere
1300 4510 1438 4574 cogentur.
1472 4500 1557 4558 iudex
1589 4515 1654 4558 vero
1680 4497 1821 4557 Romanos

1027 4601 1138 4665 propter
1153 4607 1287 4664 expensos
1297 4592 1512 4663 provincialium.
1523 4607 1584 4662 quae
1597 4606 1711 4662 gravare
1722 4606 1821 4664 paupe·

1026 4704 1072 4745 res
1085 4694 1274 4757 suggemntnr,
1290 4701 1338 4757 per
1351 4699 1451 4740 annom
1466 4685 1494 4740 in
1505 4683 1716 4755 unumquodque
1729 4684 1821 4738 muni-

1028 4779 1128 4850 cipium
1150 4775 1376 4834 semeiamedat:
1392 4775 1505 4832 coinon
1528 4776 1644 4846 amplius
1665 4788 1747 4844 quum
1771 4774 1821 4829 tvi·

1027 4871 1123 4928 ditans
1146 4869 1316 4940 prensantur
1329 4879 1454 4936 annone,
1469 4868 1537 4923 sieut
1560 4865 1649 4937 legum
1671 4873 1751 4920 canta
1772 4865 1823 4918 tri·

1028 4965 1156 5021 buemnt.
1171 4962 1368 5032 iiajoresenim
1382 4960 1467 5016 noemi
1480 4959 1617 5015 discursus
1631 4955 1753 5026 indicum
1769 4971 1824 5010 noo

1029 5055 1117 5121 oneri,
1132 5053 1180 5110 sed
1199 5051 1360 5123 compendio
1370 5048 1580 5122 provincialibus
1593 5061 1654 5102 esso
1667 5045 1822 5122 voluerunt.

1030 5145 1176 5202 Domestici
1189 5143 1295 5200 comitis
1307 5141 1467 5206 Gothorum,
1484 5153 1603 5195 necnon
1618 5145 1646 5212 et
1662 5136 1824 5193 vicedomini

1029 5238 1119 5308 eliqua
1132 5235 1258 5292 dicuntur
1271 5232 1480 5307 provincialibus
1494 5228 1662 5287 concinnatis
1678 5227 1747 5300 lolii,
1759 5243 1826 5284 cou-

1030 5327 1151 5402 tinnatis]
1167 5327 1313 5384 terroribus
1327 5324 1478 5380 abstulisse.
1500 5320 1603 5390 Quibus
1614 5319 1717 5391 iustitia
1735 5327 1826 5377 metra

1029 5421 1098 5497 [otii
1113 5419 1238 5475 instantia
1262 5414 1365 5488 nostra]
1389 5417 1416 5470 in
1441 5413 1668 5470 exatninationcm
1691 5413 1825 5480 dedoctis,

1028 5511 1157 5583 quidquid
1171 5524 1253 5581 super
1268 5509 1318 5564 lroc
1332 5517 1410 5578 parte
1428 5506 1520 5576 inique
1532 5515 1636 5575 gestum
1650 5519 1711 5562 esse
1725 5518 1828 5573 cogno·

1029 5601 1109 5670 verit,
1134 5602 1231 5658 amotis
1255 5597 1440 5666 dilationibus,
1462 5596 1587 5666 legaliter
1606 5594 1751 5653 ordinabit.
1777 5593 1826 5648 liis

1028 5710 1094 5761 ergo
1107 5711 1140 5755 ac
1155 5693 1263 5758 talibus,
1279 5705 1339 5758 eoos
1353 5689 1386 5748 ad
1400 5688 1543 5746 utilitatem
1557 5687 1693 5757 publicem
1708 5687 1751 5743 vel
1764 5700 1829 5759 pro-
