4059 6184
243 337 295 393 2³5

940 309 1089 367 vtcttttts
1109 311 1207 367 habt.

1828 316 1883 372 eto

241 443 314 509 μέσον
323 432 392 508 tropi.
401 434 446 483 τοῦ
456 426 833 483 θισπισίουηοόλον·-οότω
844 424 871 482 δι’
882 425 1037 502 ἁμαρτάνον·
1052 435 1070 484 ,t
1087 424 1243 493 scripulum
1259 423 1349 477 divino
1362 422 1445 478 Patrio
1461 442 1468 477 t
1487 423 1532 479 Sic
1546 434 1631 479 entem
1643 432 1777 496 pectentes
1788 425 1815 478 itt
1828 425 1877 490 [ro-

241 538 286 578 rt:
296 523 331 580 τίς
344 524 404 579 τούς
417 518 548 590 τἐδελροός,
562 523 605 573 καί
617 519 770 579 πλόττοιτες
781 519 865 573 αὐτόν
877 518 1035 571 ἀσθενοῦσαν

241 620 286 670 niv
298 608 439 668 συνείδησιν
448 613 484 670 τίς
494 620 576 684 Χριστ
589 632 602 661 ν
612 609 778 683 ἁμαρτάνετε.
785 637 820 649 -
828 609 919 663 καίίνοι
927 628 951 662 τι
961 611 1002 662 καί
1009 608 1036 661 ix

241 709 401 775 προφητικῶν
414 701 552 773 pili-piatum
573 701 686 772 βιίλίων,
702 698 886 758 -Ἐδικαιόιθη
897 697 994 770 Σόδομα
1008 699 1035 751 itt

240 796 298 845 σοῦ.
313 819 347 829 -
360 794 491 851 Νινίκηκας
511 793 556 851 τὰς
575 797 625 846 τῶν
643 789 763 849 ‘hiltinus
783 792 982 865 ἀθυροστομίας,
1004 788 1035 848 t<

241 882 392 941 inathemate
408 885 473 937 κατὰ
491 887 624 956 Χριστοῦ,
638 886 735 952 μωρίαν
750 882 883 952 ἡγούμενοι
896 881 938 934 τόν
951 900 1035 934 σταυ-

241 974 295 1049 ρόν.
302 972 380 1029 otilo
390 971 449 1028 ὅντα
457 970 577 1037 διίδτεξας
588 974 620 1028 τὰ
629 970 814 1033 τῆςλουδαικῆς
822 973 942 1032 ἀπονοίας
950 970 1031 1041 tyath-

240 1085 320 1135 ματα.
333 1082 341 1112 t
357 1065 459 1117 Τούτων
468 1085 492 1118 τ’
499 1064 550 1115 ίνυν
559 1063 588 1117 οἷ
589 1074 640 1123 ’τως
653 1063 695 1117 tet
708 1065 857 1139 κατακρίστι
866 1066 911 1117 τοῦ
925 1062 1036 1121 ίτστόοῡς

240 1155 373 1229 Θεοδώρου
387 1155 439 1209 ent
451 1161 498 1210 τοῦ
518 1155 542 1207 iv
555 1154 611 1223 όιγίο
623 1175 636 1215 ς
655 1154 779 1230 Κνρίλλου
794 1154 943 1229 εἰρημένων,
959 1155 981 1205 τί
994 1154 1035 1206 καί

241 1244 296 1305 δοίη
305 1267 345 1306 τις
355 1248 419 1299 κατὰ
432 1248 492 1305 τοὺς
511 1246 609 1300 ίκτίνων
621 1245 710 1318 λόγους
725 1252 767 1299 του
781 1246 805 1298 ἐν
820 1243 900 1318 ἁγίοις
921 1243 1035 1320 κόριλλον

240 1340 366 1414 τίρυκίναι
379 1360 404 1393 τε
414 1339 480 1414 όπίρ
494 1336 637 1413 θεοδώρον,
651 1336 709 1392 eviii
723 1345 798 1392 τοὶτο
810 1338 945 1410 ίξαιρτίται
959 1336 1036 1390 αὐτόν

239 1438 285 1490 τῆς
299 1432 484 1503 κατακρίσεως.
500 1429 654 1500 diple-napea
666 1430 729 1501 γάρ,
744 1425 878 1487 ὡσπολλοί
894 1433 944 1480 τῶν
956 1425 1035 1497 ἁγίων

240 1524 358 1596 πατίρων
378 1523 449 1581 τινός
463 1528 514 1576 τῶν
531 1521 662 1593 αἷρττικῶν
682 1517 844 1584 ἀπεδέξαντο,
861 1518 950 1592 ὥσπερ
966 1515 1033 1571 καλό

1088 520 1153 568 tres.
1170 523 1194 565 et
1207 513 1376 575 percutientes
1390 530 1477 567 earrtm
1490 515 1623 584 infirmnm
1637 514 1837 579 camrientiant,
1852 516 1880 568 io

1087 600 1216 656 Christum
1230 605 1342 673 peccatis
1353 602 1380 675 (1
1396 603 1456 658 Cor.
1471 608 1537 671 vitri.
1552 603 1586 657 Et
1598 612 1628 658 nt
1639 604 1739 674 aliquid
1750 605 1831 659 eliam
1845 620 1879 660 es

1088 693 1253 762 propheticis
1268 693 1363 763 loquar
1376 694 1513 750 codicibus
1529 714 1535 747 :
1549 695 1700 766 iustificate
1714 707 1752 751 ert
1764 696 1879 752 sedeone

1086 801 1119 839 er
1133 794 1157 838 te
1168 783 1275 855 (Erech.
1290 785 1354 856 xri),
1369 786 1502 856 superasti
1515 800 1678 857 paganorum
1693 789 1878 852 verbositates,

1086 890 1153 946 qeins
1164 885 1259 931 contra
1270 876 1405 933 Christum
1423 878 1554 945 lecerunt,
1570 880 1710 935 stultitiam
1724 882 1881 938 existimav-

1090 976 1133 1024 tes
1144 984 1250 1024 crucem
1266 969 1367 1041 (l'Cer.
1377 972 1444 1043 rur),
1460 973 1526 1028 nihil
1537 989 1599 1029 esse
1612 974 1752 1031 ostendisti
1763 975 1881 1031 iudaice

1085 1062 1218 1130 superbiae
1232 1063 1354 1116 critnina.
1371 1082 1380 1115 t
1398 1061 1445 1118 llis
1469 1064 1550 1134 igitur
1570 1066 1603 1118 ad
1627 1066 1880 1123 condemnationem

1088 1149 1223 1206 Tlteodnri
1237 1152 1276 1207 sic
1286 1168 1301 1206 a
1312 1163 1406 1208 sancto
1416 1153 1516 1226 Cyrlllo
1529 1155 1617 1224 dictis,
1633 1156 1696 1211 licet
1709 1152 1805 1228 aliqhis
1815 1172 1881 1213 coo·

1085 1245 1182 1310 cedat,
1209 1246 1356 1302 seeundum
1381 1247 1487 1301 illorum
1507 1248 1589 1303 verba
1612 1258 1734 1305 sanetum
1750 1248 1881 1322 Cyrillum

1086 1334 1184 1406 aliquid
1196 1351 1245 1405 pru
1257 1334 1401 1389 Theodoro
1411 1336 1520 1399 dixisse,
1537 1339 1686 1408 usquehuc
1697 1338 1792 1393 liberat
1805 1338 1880 1394 illtnn

1085 1439 1101 1479 a
1115 1425 1349 1481 condemnatione.
1365 1425 1517 1482 invenimus
1531 1427 1615 1492 οιιίιιι,
1637 1427 1710 1498 quod
1725 1428 1802 1482 multi
1815 1444 1881 1483 sau·

1085 1522 1191 1569 clerum
1206 1513 1316 1569 Patrem
1330 1515 1461 1583 quosdam
1482 1515 1624 1571 haereticos
1647 1515 1880 1585 collaudaverunt,

240 1613 267 1668 tt
277 1612 356 1686 ἁγίοις
370 1614 495 1683 Δάμασος.
512 1614 555 1665 καὶ
568 1613 722 1673 Ἀθαναοιος,
737 1612 779 1661 καί
792 1606 919 1667 another
933 1604 1033 1661 Ἄτται·
1085 1606 1155 1662 sieut
1174 1615 1202 1662 et
1222 1607 1307 1663 sancti
1330 1606 1461 1663 Damasus
1482 1615 1511 1662 et
1533 1606 1695 1663 Athanasius
1715 1617 1743 1664 et
1765 1607 1881 1666 Basilius

239 1704 340 1778 tepet,
361 1689 404 1757 eet
422 1705 489 1757 nien
501 1700 528 1757 δι’
542 1701 555 1756 i
569 1709 615 1761 τὴτ
630 1700 704 1774 ἁγίας
722 1703 820 1771 μνήμης
842 1699 973 1768 nivelle.
989 1699 1035 1749 sat
1086 1701 1291 1773 Apollinarium,
1305 1711 1333 1757 et
1345 1712 1455 1765 sanetus
1465 1702 1577 1777 [sancte
1591 1702 1740 1776 memorie]
1754 1703 1809 1760 Leo
1823 1703 1880 1759 Eu·

239 1795 308 1867 ὄμως
322 1792 408 1854 initii
421 1797 513 1867 ρανερο
530 1794 656 1866 poenivi
675 1793 769 1846 τούεων
781 1791 899 1855 innitere,
920 1791 963 1842 οὐκ
981 1788 1034 1852 iii·
1051 1800 1072 1858 Β
1086 1792 1182 1864 tycben
1196 1809 1203 1847 t
1216 1800 1245 1848 et
1255 1800 1346 1848 tamen
1357 1793 1465 1862 cognita
1480 1809 1574 1849 eornm
1592 1793 1740 1866 impietate,
1751 1811 1805 1850 noo
1816 1811 1880 1866 pru·

238 1909 315 1961 οογον
337 1886 379 1943 διὰ
397 1893 441 1946 τήν
463 1889 583 1944 τοιαύτην
608 1884 742 1956 ἀποδοχήν
761 1883 885 1959 αξρττικοὶ
903 1885 947 1940 τήν
968 1880 1034 1952 μετὰ
1084 1892 1145 1954 pter
1158 1884 1366 1939 hocevaseruot
1379 1883 1497 1939 baeretici
1508 1883 1760 1941 condemnationem
1775 1893 1880 1941 erana-

238 1977 623 2053 :aeremitae-melrorov
637 1980 678 2030 καί
694 1982 739 2033 τήν
760 1977 843 2027 αὐτῶν
858 1973 1034 2043 ἀσέΰιιανγε·
1085 1974 1195 2035 ιΙιοιιιο.
1223 1973 1294 2043 quod
1321 1983 1415 2044 postea
1437 1983 1533 2029 cntttra
1559 1990 1653 2031 eorum
1682 1991 1824 2047 personans
1850 1985 1880 2032 ct

237 2071 342 2142 νομίνην
358 2072 506 2143 κατάκρισιν
525 2088 552 2124 τε
574 2072 616 2124 καί
633 2068 844 2139 ιἐναθτματισμόν.
867 2067 982 2124 Τοσαύτη
1005 2064 1032 2120 δι’

237 2162 334 2220 ίοτιντλ
352 2164 428 2231 μανία
445 2168 495 2214 τῶν
510 2158 642 2231 Θεόδωρον
657 2160 834 2220 tetenebrae,
861 2157 901 2212 ότι
921 2159 1033 2226 τολμῶσι

237 2249 446 2324 καταψτόδτσίαι
457 2255 497 2305 καί
515 2254 651 2327 Γρηγορίου
665 2257 710 2305 τοῦ
724 2249 853 2323 θεολόγον,
866 2250 908 2302 καί
921 2247 1032 2302 Ἰωάννου

238 2353 284 2402 τοῦ
312 2345 616 2413 Ιίωνσταντινουπόλως,
643 2345 678 2403 ὦς
709 2342 846 2401 ἐπιστολὰς
868 2341 931 2418 πρός
957 2339 1032 2395 αὐτόν

236 2435 366 2510 Θεόδωρον
384 2438 585 2491 ἀποστειλάντων
606 2436 806 2510 πεπληρωμένας
827 2434 947 2489 ἐπαίνου·
968 2430 1032 2505 όπερ

237 2526 348 2600 διόδους
364 2529 419 2581 ieri
440 2529 542 2599 μεστόν.
560 2528 699 2602 Γρηγόριος
717 2528 762 2599 μὲν
774 2532 834 2602 γέερ,
851 2524 893 2580 ὅτε
907 2527 973 2601 ὑπὲρ
986 2536 1032 2585 τῆς

235 2622 351 2682 &infitier
371 2623 397 2674 ἐν
417 2620 677 2674 Κωνσταντενουπόλαι
695 2621 897 2691 ἀγωνισκμονος,
914 2620 1028 2677 καὶτοὺς

237 2711 313 2772 λαοὺς
333 2710 442 2769 istricis
460 2716 510 2763 τῶν
528 2707 661 2784 ’Δρειανῶν
681 2709 775 2768 πλάνος
789 2709 824 2767 τίς
843 2713 888 2765 τόν
903 2705 1031 2782 όγόόδοξον

236 2808 326 2861 πίστιν
348 2801 506 2878 ίπιστρίόας
527 2805 564 2862 τίς
580 2807 626 2861 τόν
644 2802 736 2855 οίκιίαν
760 2801 881 2859 ίπονῆλθε
905 2798 1029 2875 πατρίδα,

236 2898 284 2955 τὰς
297 2896 369 2963 rupit
383 2900 432 2949 τῶν
453 2893 583 2971 αίρττικῶν
602 2895 747 2965 κακοόργως
766 2891 953 2967 προριροαίνας
973 2888 1030 2945 ίπι·

236 2986 329 3047 στολοίς
342 2985 371 3039 οὗ
385 2986 448 3061 πρός
460 2982 586 3059 Θεόδωρον
596 2984 638 3038 τόν
650 2982 825 3055 belenterio.-
838 2980 957 3057 ἔγραψεν,
970 2982 1032 3037 ἀλλὰ

236 3073 440 3153 πρόςΘεόδωρον
454 3076 720 3140 lotnartensium,
735 3076 793 3136 ότις
810 3075 866 3137 ieri
885 3082 929 3135 mit
944 3071 1030 3130 δευτί·

237 3186 286 3240 ρας
300 3162 477 3243 haereditent
488 3165 653 3241 μητρόπολις.
666 3171 718 3226 τος
729 3162 756 3220 tt
766 3166 845 3225 αὐτῆς
856 3167 947 3241 χώρας
961 3166 1031 3219 ierit
1044 3173 1067 3237 c
1081 3164 1231 3222 Nazianzos
1239 3166 1345 3233 civitas,
1355 3166 1432 3236 cuius
1442 3166 1529 3222 luerat
1542 3166 1684 3238 episcopus
1694 3166 1764 3221 idem
1773 3175 1878 3221 sanetae

236 3258 423 3323 όΝαζιαιζός,
448 3254 477 3318 ir
499 3260 597 3331 γίγοντν
620 3256 760 3318 intraretur
780 3255 793 3310 ό
812 3258 886 3317 αὐτός
899 3260 924 3311 iv
947 3257 1029 3329 όιγίοις

235 3345 382 3422 Γρηγόριος,
399 3349 438 3401 καί
450 3348 574 3422 ’Δριανζός
587 3348 617 3402 τό
634 3350 738 3419 χωρίον.
755 3344 809 3401 όθτν
822 3349 934 3421 ὡρμᾰεο.
948 3355 1029 3404 Τοῦτο

235 3440 286 3513 γὰρ
300 3440 343 3492 καί
356 3439 432 3493 αὐταί
444 3445 531 3511 eapite
545 3436 699 3497 doleiensi
713 3439 860 3504 ἐπιστολαί,
875 3442 1030 3512 μιμνημίναι

234 3528 326 3590 ίθνῶν,
349 3530 391 3582 καί
402 3526 529 3593 συνόδων,
544 3532 587 3583 καί
605 3533 650 3583 τοῦ
673 3530 753 3583 αὐτοῦ
777 3532 875 3607 χωρίου
888 3527 1028 3606 'Aprutium

234 3623 278 3675 tetri
293 3619 384 3694 ε’τίρῳν
398 3623 501 3696 χωρίων
523 3629 569 3681 τῆς
588 3623 665 3682 αὐτῆς
688 3623 835 3695 ἐπαρχίας,
850 3626 894 3677 καί
907 3623 984 3695 μηνός
997 3632 1029 3699 τῇ

236 3709 370 3785 ίπιχωρίῳ
402 3708 524 3783 διαλέκτῳ
553 3708 725 3766 Καππαδόκων
759 3713 959 3782 ὠνομασμένων,
987 3717 1030 3769 καί

235 3802 375 3876 Βοσπορίου
388 3800 526 3855 ἐπισκόπου
546 3800 590 3856 ὑπ’
606 3801 683 3856 αὐτόν
697 3800 828 3862 τελοῦντος
843 3802 970 3864 solutior
982 3814 1029 3866 τῆς

234 3892 340 3952 πόλεως,
354 3894 397 3946 καί
409 3892 502 3967 ίτίρωυ
516 3891 673 3956 ίπισκόπων,
686 3896 731 3947 καί
744 3894 968 3968 χωρεπισκόπων,
988 3904 1029 3955 καὶ

233 3984 409 4056 μουαοτηρίων
423 3983 474 4037 ὑπό
491 3984 533 4038 τόν
545 3985 621 4038 αὐτόν
634 3984 772 4040 ττλοιίντων
784 3984 912 4062 Θεόδωρον
930 4010 1027 4061 μνημο-

233 4070 415 4132 strictissimis
430 4076 473 4127 καί
493 4075 575 4148 μέχρι
588 4080 631 4128 νῦν
651 4079 761 4140 σώζεται
782 4078 816 4131 τοί
831 4077 949 4148 ὀνόματα.
965 4084 1027 4138 tteie

232 4160 260 4218 δί
273 4166 397 4234 μετουσία
412 4162 598 4226 Καππαδόκαις
617 4168 682 4241 πρός
696 4170 755 4228 τοὺς
769 4176 814 4229 τῆς
827 4166 950 4246 διυτίρας
963 4171 1026 4228 ttrit-

233 4254 390 4316 sinsheim
414 4257 428 4316 ἦ
447 4265 492 4312 νῦν
509 4259 643 4330 ὑπάρχει,
662 4258 891 4339 διαμιμτρισμίνης
909 4274 955 4327 τῆς
977 4273 1027 4321 τῶν

233 4347 370 4419 ίπαρχιῶν
387 4349 482 4404 τούτων
500 4346 657 4415 bermetum
673 4350 796 4415 όποίους
814 4355 970 4418 ίπισκόπους
984 4356 1026 4431 ὑφ’

234 4439 323 4495 inuris
336 4437 408 4512 ἔχειν
418 4438 527 4500 ἠδύνατο
547 4440 560 4495 ό
580 4442 761 4514 Meteonem
775 4445 928 4516 ίπίσκοπος,
949 4450 1026 4510 αὑτός

1085 2064 1248 2135 impietatem
1263 2061 1362 2119 laetum
1383 2073 1433 2119 est.
1458 2065 1560 2121 Tantus
1576 2075 1665 2121 autem
1680 2076 1722 2122 est
1735 2066 1809 2122 iuror
1828 2067 1880 2122 dc·

1084 2156 1250 2212 tendentium
1271 2154 1461 2227 Theodorum,
1484 2158 1546 2228 qula
1562 2166 1727 2228 praesumunt
1749 2157 1880 2213 adversus

1083 2246 1241 2316 Gregoriuro
1264 2246 1430 2316 theologum,
1445 2254 1472 2302 et
1486 2246 1617 2302 inaoocm
1631 2247 1881 2318 Constantinopoli·

1084 2347 1176 2392 tanorn
1190 2337 1309 2401 mentiri,
1325 2337 1446 2393 dicentes
1460 2338 1589 2408 epistolas
1603 2337 1637 2392 ad
1651 2340 1774 2394 eumdem
1788 2338 1879 2394 Theo·

1082 2430 1178 2484 dorum
1189 2429 1283 2501 plenas
1297 2427 1385 2485 laudis
1399 2444 1448 2485 eos
1461 2429 1593 2485 direxisse
1606 2447 1613 2482 :
1628 2429 1700 2500 qnod
1714 2430 1809 2485 laisum
1823 2439 1878 2487 est.

1082 2519 1229 2591 Gregorius
1241 2521 1324 2587 enim,
1338 2536 1400 2578 cum
1414 2521 1442 2577 ln
1451 2520 1686 2592 Constantinopoli
1702 2537 1750 2592 pro
1761 2523 1880 2578 veritate

1082 2611 1226 2675 laborans,
1251 2611 1390 2669 conversis
1410 2627 1459 2683 per
1480 2627 1541 2667 eum
1561 2612 1596 2668 ab
1610 2613 1709 2668 Ariana
1723 2613 1824 2668 insania
1842 2615 1879 2670 ad

1082 2703 1242 2758 catholicam
1257 2703 1336 2759 hdem
1351 2704 1474 2776 pupulis.
1488 2705 1522 2760 ad
1535 2720 1610 2761 suem
1625 2705 1740 2776 patriam
1753 2721 1879 2763 reversus

1082 2805 1133 2861 est,
1149 2797 1277 2867 epistolas
1291 2812 1359 2868 quas
1373 2799 1491 2853 heretici
1502 2797 1596 2855 dolose
1607 2797 1756 2869 proferunt,
1772 2815 1825 2853 ooo
1841 2798 1879 2853 ad

1082 2889 1253 2946 Theodorum
1268 2890 1487 2962 llepsuestenum
1502 2892 1625 2961 scripsit,
1641 2891 1688 2947 sed
1703 2891 1737 2946 od
1751 2890 1878 2946 Theodo-

1082 2996 1141 3037 rum
1152 2984 1309 3053 episcopum
1322 2982 1503 3055 Tynrtensem
1513 2999 1572 3053 quae
1586 2993 1628 3040 est
1637 2982 1761 3039 secuntiae
1772 2981 1878 3054 Cappa·

1081 3075 1172 3131 decim
1181 3075 1348 3146 metropolis.
1363 3073 1489 3145 Ejusdem
1504 3085 1594 3130 antem
1611 3074 1754 3145 provincie
1770 3081 1832 3131 sunt
1847 3081 1879 3129 et

1081 3258 1219 3314 memorie
1230 3256 1387 3326 Gregorius,
1409 3265 1438 3312 et
1450 3257 1581 3312 Arianzos
1594 3255 1732 3328 prelium,
1745 3255 1815 3310 unde
1828 3271 1878 3309 or·

1082 3360 1124 3406 tns
1139 3349 1236 3406 luerat.
1251 3348 1310 3406 Hoc
1322 3350 1394 3405 entim
1409 3358 1437 3406 et
1450 3351 1515 3420 ipse
1530 3350 1653 3420 epistota
1665 3358 1759 3419 aperte
1769 3348 1876 3418 signiti-

1080 3452 1158 3509 cant,
1181 3442 1340 3497 memoriam
1362 3440 1493 3497 iacientes
1511 3439 1735 3497 consuetudinum
1749 3440 1877 3495 etcolle-

1080 3533 1211 3598 ctienum,
1225 3540 1254 3587 ct
1265 3531 1386 3603 ejusdem
1398 3531 1491 3602 praetlii
1502 3532 1620 3597 brianci,
1636 3541 1664 3587 et
1674 3532 1787 3586 alierum
1804 3546 1878 3603 prcc-

1082 3627 1189 3682 diurum
1213 3625 1335 3696 eiusdem
1359 3626 1524 3697 provincie,
1552 3634 1580 3680 et
1602 3626 1703 3680 mensis
1727 3625 1875 3680 remacula

1083 3716 1173 3786 lingua
1184 3714 1373 3788 Cappadocum
1389 3716 1528 3781 nominati,
1539 3726 1566 3771 et
1581 3710 1723 3786 Bosphorii
1734 3713 1875 3789 [Bospori]

1080 3806 1200 3876 episcopi
1224 3807 1275 3861 sub
1288 3805 1384 3861 eodem
1398 3803 1543 3860 Theodoro
1557 3805 1716 3871 constituti,
1739 3804 1784 3874 qui
1806 3813 1876 3863 tnnc

1079 3896 1209 3967 temporis
1218 3894 1338 3951 Coloniae
1351 3895 1467 3951 civitatis
1480 3894 1599 3965 ejusdem
1613 3895 1756 3965 provinciae
1766 3896 1876 3965 episeo-

1078 4002 1130 4058 pus
1143 3994 1217 4053 erat,
1233 3997 1261 4044 ot
1275 3987 1389 4043 aliorum
1404 3989 1604 4059 episcoporum,
1619 3996 1647 4042 et
1660 3988 1874 4058 chorepiscopo·

1078 4094 1157 4142 nrm,
1181 4087 1209 4134 et
1232 4080 1474 4146 monasteriorum,
1497 4094 1558 4150 quse
1571 4079 1621 4135 sub
1635 4077 1770 4134 Theodori
1789 4077 1875 4148 juris-

1077 4168 1196 4224 dictione
1209 4177 1306 4236 erant,
1329 4183 1444 4239 quorum
1460 4184 1544 4240 usque
1559 4184 1630 4225 outre
1649 4170 1743 4225 eadem
1759 4171 1871 4224 nomina

1077 4269 1228 4316 servantur.
1243 4259 1336 4327 Qualis
1348 4276 1430 4330 perro
1445 4262 1600 4319 communie
1617 4262 1824 4334 Cappadocibus
1837 4263 1874 4317 att

1076 4350 1223 4406 secundam
1236 4350 1368 4418 Ciliciam,
1380 4352 1423 4407 rel
1437 4362 1510 4420 tunc,
1526 4354 1568 4411 vel
1587 4353 1669 4410 modo
1683 4353 1766 4408 dirisa
1777 4369 1872 4410 earum

1078 4441 1277 4512 provinciarum
1290 4442 1484 4511 gubernatione
1495 4445 1508 4499 t
1531 4444 1565 4500 Et
1577 4460 1646 4515 quos
1659 4446 1802 4517 episcopos
1819 4449 1873 4503 sub

233 4528 285 4583 iri
293 4529 337 4584 τὸν
345 4538 391 4589 τῆς
400 4530 476 4590 αὐτῆς
491 4528 612 4606 διντίραε
623 4533 730 4594 sinder
739 4537 926 4607 μοτροπολίτην
936 4539 1026 4606 erlem
1042 4548 1067 4609 1)
1079 4550 1109 4591 se
1123 4535 1224 4592 babere
1234 4545 1340 4607 peterat
1354 4536 1559 4608 llepsuesteous
1569 4538 1723 4609 episeopus,
1739 4538 1872 4610 cumipse

234 4619 348 4682 Ἰωάννης
368 4619 396 4677 ii
417 4620 430 4676 ό
451 4624 737 4687 ιωνσταντινουπολιως
759 4624 870 4701 ἔγραψεν
892 4628 1028 4690 interriti-t

233 4713 297 4788 πρός
311 4710 439 4787 Θιόδωρον
458 4716 502 4769 τόν
516 4715 713 4787 diadematici,
726 4718 772 4772 οὐκ
784 4719 891 4774 ίπαὶνων
904 4717 948 4788 δί,
965 4722 1028 4778 ἀλλὰ

220 4802 352 4875 ‘mittimur
362 4811 404 4858 καί
422 4805 592 4873 tetraptoton
605 4801 687 4862 οὖσαν
700 4813 806 4879 μτστόν,
824 4812 858 4870 ὡς
876 4811 1028 4876 ίκπτσόντος

231 4896 308 4950 αὐτοῦ
326 4901 372 4956 τῆς
384 4895 539 4969 θεοσεβείας.
557 4902 718 4959 Συνασκόσοις
730 4901 781 4975 γὰρ
794 4901 862 4971 αὐτῷ
874 4902 916 4956 τόν
930 4908 1026 4981 μονήρη

231 4986 288 5057 βίον
301 4987 325 5041 iv
338 4985 374 5042 ivi
386 4989 428 5042 καί
438 4995 475 5061 τῷ
489 4990 559 5058 αὐτῷ
572 4993 746 5065 μοναστυρίῳ,
760 5000 806 5053 τῆς
821 4993 903 5048 ίκτίστ
919 4993 1025 5051 eutita-

230 5085 315 5153 γωγῆς
328 5074 508 5153 ἀναμεμνόσίιει
520 5082 606 5135 αὐτόν,
623 5086 667 5135 set
679 5088 763 5137 ταῦτα
777 5093 904 5161 μαρτυριῑ
914 5087 1023 5158 tuiips-

230 5191 281 5237 νος,
294 5173 336 5225 καί
344 5169 480 5242 Ἰλσιίχιος,
494 5173 537 5226 καί
547 5176 696 5244 {erepton-’2
710 5178 754 5229 καί
766 5175 923 5252 Θεοδώριτος
935 5177 948 5233 ό
961 5181 1024 5234 πολ·

230 5260 287 5322 λούς
302 5262 369 5337 ὑπὲρ
386 5260 516 5333 Θεοδώρου
530 5261 618 5334 λόγους
630 5284 654 5318 rr
669 5267 712 5319 καί
725 5265 843 5328 irretimur
858 5265 978 5329 ίκττίνας.
994 5273 1025 5323 st

229 5350 258 5408 ii
275 5354 431 5427 προρίρονσι
450 5356 595 5429 μαρτυρίας
606 5353 716 5410 Ἰωάννου
741 5362 788 5411 τοῦ
807 5354 964 5430 ’Δντιοχοίας
983 5366 1024 5417 καί

230 5452 277 5505 τῆς
288 5446 325 5499 ln
344 5447 422 5501 αὐτόν
442 5447 588 5507 ἀνατολικῆς
607 5446 732 5512 συνόδου,
756 5449 822 5522 όπίρ
837 5448 967 5525 θεοδὼρου
983 5457 1025 5508 καί

229 5544 276 5597 τῆς
289 5536 366 5591 αὐτοῦ
379 5537 497 5597 tentetur
520 5539 669 5608 γενομένης.
693 5534 786 5609 ἀνοίγκο
806 5540 897 5600 αὐτοὺς
921 5542 1024 5596 κοίοιῖνα

229 5627 362 5694 δέξασθαι,
377 5628 444 5703 ἄπτρ
458 5628 518 5685 ὅσον
532 5631 560 5685 τό
569 5651 597 5702 γτ
616 5630 656 5685 ίπ“
667 5632 756 5692 αὐτοῖς
770 5633 805 5692 τίς
818 5636 965 5708 κατάκρισιν
979 5642 1023 5690 τοῦ

1079 4629 1129 4685 sub
1140 4629 1348 4701 metropolitano
1360 4632 1486 4689 secundae
1497 4632 1597 4688 Cilici-c
1608 4635 1771 4690 constitutus
1780 4636 1874 4689 esset?

1077 4717 1196 4776 ioannes
1209 4730 1299 4776 autem
1312 4720 1626 4794 Constantinopolitanae
1639 4725 1747 4796 scripsit
1760 4725 1873 4796 quidem

1078 4811 1220 4881 epistulam
1233 4812 1267 4868 ad
1281 4812 1453 4870 tuendorun
1464 4815 1691 4887 Mopsuestenum,
1709 4834 1762 4873 non
1779 4826 1872 4875 tamen

1077 4902 1212 4971 laudibus,
1223 4905 1270 4961 sed
1283 4907 1459 4975 querimoniis
1472 4917 1501 4963 et
1512 4911 1740 4979 increpationibus
1751 4911 1871 4979 plenam,

1078 5007 1108 5052 ut
1130 5006 1193 5069 pote
1217 4998 1263 5054 illo
1285 4999 1386 5055 abone
1407 5003 1615 5057 conversatione
1637 5002 1759 5075 [pietate]
1782 5004 1870 5074 lapso.

1078 5087 1209 5154 Qtooiam
1233 5090 1305 5143 enirn
1330 5106 1390 5145 com
1413 5106 1447 5145 co
1467 5091 1651 5147 monachicam
1667 5094 1748 5149 ritum
1774 5094 1873 5148 inttno

1078 5177 1227 5248 eodemque
1247 5181 1413 5235 monasterio
1428 5182 1568 5248 excreuit,
1592 5184 1807 5239 conversationis
1833 5186 1872 5242 tot

1079 5268 1155 5324 ‘actae
1169 5285 1230 5325 cum
1253 5270 1414 5327 admonuit:
1430 5281 1458 5328 et
1474 5273 1582 5343 probis
1605 5275 1784 5331 testimenium
1800 5292 1874 5346 pre·

1077 5361 1143 5416 beot
1154 5361 1331 5428 sozomenus,
1342 5373 1370 5419 ct
1383 5364 1541 5436 Hesychius,
1555 5375 1583 5421 et
1595 5365 1730 5433 Socrates,
1742 5376 1770 5423 et
1780 5366 1874 5425 Theo·

1075 5453 1196 5517 doretns,
1208 5457 1254 5526 qui
1268 5457 1366 5512 multas
1377 5457 1577 5531 proTheodoro
1591 5461 1729 5517 orationes
1738 5472 1766 5516 et
1776 5461 1875 5521 landes

1075 5545 1148 5602 lecit.
1171 5547 1199 5603 Si
1215 5559 1305 5607 autern
1328 5552 1480 5608 testimonia
1495 5552 1636 5622 proferunt
1649 5552 1761 5609 ioannis
1775 5555 1874 5611 Antio·

1075 5637 1166 5704 chcni,
1183 5646 1211 5694 et
1225 5640 1370 5697 ltriemalis
1387 5641 1494 5698 concilii
1508 5645 1558 5699 sub
1572 5658 1606 5699 co
1618 5644 1776 5711 constituti,
1799 5644 1873 5702 laem

228 5718 255 5773 lv
267 5716 350 5790 ἁγίοις
364 5720 503 5794 sephion,
520 5724 562 5775 καὶ
575 5721 694 5780 ἀθέτησιν
714 5730 760 5783 τῆς
774 5722 849 5800 cipher
871 5728 985 5786 πίστεως
999 5727 1023 5780 οἱ
1075 5741 1125 5797 pro
1136 5726 1291 5798 Theodoro,
1306 5732 1407 5803 eteius
1421 5732 1570 5802 impietate,
1586 5749 1699 5789 neeesse
1712 5742 1755 5789 est
1767 5750 1817 5789 eos
1843 5748 1874 5792 et

232 5808 289 5884 nupt
303 5805 414 5869 Ἰωάννην
426 5809 576 5880 ἐτόλμησαν·
592 5813 635 5865 καὶ
649 5810 716 5887 tinto
736 5809 865 5889 ἔγραψαν,
886 5816 1022 5890 αιττὸριτο
1074 5816 1120 5872 illa
1140 5819 1297 5892 suscipere,
1320 5838 1381 5895 quae
1403 5832 1549 5894 (quantum
1563 5823 1597 5878 ad
1611 5823 1672 5881 illos
1682 5825 1820 5898 perdam)
1836 5832 1873 5880 ad
