4059 6184
308 457 360 517 δθί

309 574 413 634 ίπαινεί,
424 567 487 624 ἀλλά
501 566 543 619 καί
560 561 619 621 τούς
634 554 777 638 δρύοδύξοης
800 551 877 624 λίγτι.
904 551 964 626 Περί
985 548 1036 620 γάρ
1055 549 1101 600 τοῦ
1115 541 1141 606 Α
1153 548 1224 610 pior,

308 661 437 736 μακαρίον
449 655 602 713 ‘rosseilon
617 657 663 709 τού
675 646 779 708 Ἐδίσης
794 643 951 710 tetendero,
967 636 1059 717 ἀνδρὸς
1080 637 1105 691 ἐν

310 750 461 810 ίπισκύποις
473 748 612 816 loretum,
623 739 652 798 ού
662 740 692 797 τὸ
704 746 788 813 μνῆμα
799 737 919 808 θαύματα
938 739 1008 788 ποιεῖ
1025 731 1108 803 μέχρι

311 851 356 903 τής
376 846 504 917 σήμερον,
520 836 602 895 οὕτως
615 833 691 907 φησίν
706 829 732 885 ίν
746 837 777 906 τῇ
791 829 854 902 ariri
873 825 965 881 άσεδτῖ
976 822 1106 894 ἐπιστολή·

313 931 397 989 «Ὀτι
420 930 569 1006 ύτύραννοτ
582 933 629 985 τῆς
648 922 773 997 ἡμετέρας
792 919 901 979 πόλεως,
916 912 942 969 δν
965 912 1019 968 οὐδὲ
1035 912 1110 971 αὐτὸς

313 1026 423 1096 ἀγνοεῖς,
437 1022 563 1096 προφάσει
577 1024 624 1076 τής
636 1015 749 1073 πίστεως
760 1012 789 1066 ού
800 1006 875 1081 μόνον
899 1007 958 1066 τούς
979 1008 1111 1066 συζῶντας

314 1117 383 1189 αύτῷ
394 1113 495 1177 διώκει,
514 1110 575 1166 ἀλλά
598 1110 641 1163 καί
659 1108 720 1167 τούς
742 1102 790 1163 ήδη
805 1102 882 1159 πάλαι
895 1100 959 1173 πρὸς
974 1097 1015 1151 τὸν
1025 1093 1112 1171 κύριον

314 1206 467 1265 ἀπελθόντας
477 1199 511 1258 ὧν
522 1197 558 1263 tir
568 1200 638 1255 ίττιν
649 1196 662 1253 δ
673 1197 797 1273 μακάριος
808 1190 940 1263 Θεόδωρος
954 1187 966 1243 ά
979 1187 1057 1260 κήρνξ
1066 1192 1113 1244 τίς

316 1298 442 1358 ἀληθείας.
454 1297 497 1349 καί
506 1290 657 1351 διδάσκαλος
669 1295 717 1348 τής
739 1277 927 1349 ίκνλησίιις,ύς
948 1280 978 1332 ού
998 1277 1071 1351 μάνην
1089 1276 1114 1327 ὲν

317 1399 349 1465 τῇ
358 1390 439 1464 σίκιίφι
453 1392 505 1459 ζωῇ
518 1386 579 1444 τούς
589 1381 733 1454 αίρετικούς
747 1376 895 1448 ἐκολάφισαν
910 1368 952 1426 διά
964 1376 1010 1430 τῆς
1021 1367 1115 1426 οἰκείας

317 1486 441 1551 πίστεως,
452 1480 518 1535 άλλά,
532 1480 575 1533 καί
594 1476 659 1546 μετὰ
672 1474 778 1528 θάνατον
798 1466 864 1524 ὅπλα
884 1455 1047 1536 πνευματικά
1063 1466 1116 1519 τοῖς

319 1574 392 1638 ίδίοις
413 1573 522 1646 βιίλίοις
547 1576 600 1629 τοῖς
625 1574 671 1628 τής
695 1563 827 1621 ίκκλησίατ
850 1558 943 1619 τίκνοις
961 1551 1116 1623 κατέλειψεν,

320 1664 609 1731 beautitudinem
622 1657 677 1734 μετ’
693 1658 771 1713 alicui
784 1654 918 1712 λαλήσασα
929 1650 1060 1721 γινώσκει,
1076 1646 1119 1698 καί

320 1762 349 1816 ίκ
359 1766 409 1815 τῶν
420 1755 483 1828 παρ’
492 1756 571 1811 αὐτοῦ
584 1750 780 1826 σνγγραφίντων
791 1744 939 1801 ίπίσττνστ·

321 1871 403 1922 μησιν
414 1844 523 1903 ύπάντα
533 1843 631 1915 τολμῶν
640 1840 679 1896 ἀπ’
693 1837 826 1898 ἐκκλησίας
836 1838 948 1909 φανιρῶς
963 1827 1118 1893 ἀναθεματί-

951 1743 1043 1794 τοῦτον
1056 1736 1120 1790 tett-

321 1951 394 1999 uuu.i
404 1944 449 1995 sui
457 1938 532 1996 πάλιν
541 1936 735 2014 πιριίχεταιτῇ
746 1931 810 2006 αύτῇ
821 1927 913 1988 &ordei
920 1922 1041 1996 ἐπιστολῇ
1050 1920 1117 1994 πρὸς
1133 1912 1153 1971 Β

320 2036 395 2108 ύθριν
408 2040 454 2090 τοῦ
468 2035 492 2089 ίν
507 2031 588 2103 άγίοις
608 2026 736 2106 ινρίλλον·
751 2019 834 2078 ιὈτι
844 2022 860 2080 ἡ
870 2016 963 2095 καρδία
982 2020 1029 2071 τοῦ
1044 2016 1121 2085 λίγα·

321 2129 398 2185 mtto
414 2124 566 2196 ίμαλάχθν,
579 2123 622 2176 καί
643 2120 726 2194 χωρίς
748 2114 879 2173 σαύλσεως
897 2118 929 2182 τῇ
953 2108 1014 2183 ὀρθή
1032 2107 1121 2161 πίστει
1143 2132 1145 2135 ·

322 2220 455 2289 σννήνεστ.
482 2217 528 2268 καί
542 2210 582 2268 ὅτι
599 2210 715 2269 ἀτάκτως
734 2206 796 2262 κατά
814 2211 864 2261 τῶν
887 2203 985 2266 ζώντων
1010 2198 1053 2251 καί
1070 2200 1120 2250 τῶν

322 2306 527 2365 τιλιντησάντων
541 2301 710 2379 ὁρμήσαντες,
725 2298 751 2352 ίν
769 2294 886 2365 αἰσχύνῃ
899 2291 964 2345 τίσίν
983 2286 1050 2361 ύπίρ
1070 2290 1121 2338 τῶν

322 2395 392 2453 ίδίων
405 2396 605 2469 ἀπολογούμενοι
619 2391 798 2459 πταισμάτων,
811 2386 854 2439 καὶ
867 2380 966 2436 ἐναντίοι
978 2386 1010 2454 τῇ
1030 2398 1047 2432 π
1052 2378 1121 2451 ¹ao‘rru

323 2488 407 2545 αὐτῶν
425 2484 579 2557 διδασκαλίρ
604 2479 779 2544 διδάσκοντες,
803 2477 847 2530 καί
866 2470 906 2528 ὅτι
922 2474 976 2545 χρή
992 2467 1122 2539 ὁμολογεῖν

324 2582 361 2638 τίς
375 2579 418 2633 τὸν
428 2576 497 2639 ναίν,
509 2576 551 2629 καί
565 2576 601 2632 τίς
611 2572 652 2626 τὸν
670 2571 811 2623 ἐνοικοῦντα
828 2567 851 2619 ia
864 2564 960 2633 αύτῷ.ι
975 2561 1021 2615 Καί
1040 2565 1123 2613 ταῦτα

325 2673 370 2742 μίν
390 2671 516 2741 ίγκτίμτνα
534 2674 568 2743 τῇ
585 2663 780 2734 ρινημονεοθείτῃ
804 2656 922 2730 ἐπιστολῇ
943 2654 1040 2729 φανερά
1063 2653 1123 2722 ύμῖν

325 2760 521 2829 ίσπονδάσαμιν
541 2763 720 2815 καταττήσαι,
734 2752 776 2807 ἵνα
794 2743 936 2807 κάνούτως
951 2743 999 2816 opi
1010 2762 1073 2797 ποτε
1090 2743 1124 2796 τά

326 2855 387 2929 ι’ρθά
404 2851 575 2925 ίπιλιγόμινοι
590 2849 775 2923 ἀναχωρήσητι
793 2843 890 2901 ταύτης
904 2846 949 2900 τῆς
964 2832 1122 2898 κακοδοξίας.

362 3036 482 3093 Τοσαύτη
501 3031 529 3089 δί
551 3033 620 3087 ίστιν
634 3031 650 3089 d
663 3035 709 3090 τῆς
720 3029 841 3103 μνσνρᾶς
861 3021 994 3081 ίπιστσλής
1007 3017 1123 3083 άσίίιια,

329 3129 370 3187 ὅτι
380 3125 436 3183 aridi
447 3127 520 3195 ύμιῖς
530 3125 683 3195 ἐτολμήσατε
691 3120 786 3185 πάντα,
805 3118 840 3178 ὥς
859 3113 959 3189 εἴρηται
970 3153 977 3176 ,
992 3113 1026 3168 τά
1036 3131 1124 3186 πιριε·

329 3221 428 3293 χόμινα
439 3218 503 3294 αύτή
513 3223 569 3277 τοῖς
580 3214 723 3290 παρ”ύμῶν
732 3213 883 3287 πεμφθεῖσιν
891 3207 1034 3282 κεφαλαίοις
1047 3206 1125 3259 ἐνδεῖ·

329 3317 382 3375 ναι,
397 3312 420 3365 al
432 3311 474 3365 καί
481 3329 539 3366 τινα
548 3308 574 3372 ίξ
585 3308 667 3362 αύτῶν
676 3303 864 3380 διτστραμμίνρ
884 3300 965 3375 ίννοίᾳ
979 3297 1126 3376 ἑρμηνεύειν

329 3403 488 3476 ίπειράθητε.
497 3402 543 3461 τίς
555 3402 608 3475 γάρ
623 3404 785 3474 χριστιανοίς
798 3394 906 3452 δύναται
918 3392 1126 3467 συναριθμεῖσθαι

331 3503 366 3573 μή
378 3499 456 3573 λέγων
475 3495 557 3554 &eriri
570 3502 616 3553 τήν
631 3491 776 3559 ἐπιστολήν,
798 3491 823 3544 ίν
841 3486 856 3565 ᾖ
876 3487 1044 3545 τοιαύταικαί
1062 3504 1126 3540 τοσ·

331 3598 407 3648 αὗται
426 3590 594 3663 πιριέχονται
612 3587 782 3660 βλασφημίας
806 3595 834 3639 ‘0
853 3585 905 3658 γὰρ
928 3585 974 3642 τήν
992 3578 1128 3637 ίπιστολήν

331 3682 548 3742 testanteesaia
561 3680 630 3753 άγιον
643 3677 761 3754 Ιύριλλον
776 3675 899 3750 αῗριτικίν
917 3674 1062 3738 καλοῦσαν,
1086 3672 1128 3725 καί

335 3781 376 3833 τήν
389 3772 520 3848 ίνἘφίσῳ
541 3774 646 3848 πρωτην
671 3767 776 3825 σύνοδον
802 3765 991 3841 ίκδάλλονσαν,
1014 3769 1129 3836 φανερῶς

332 3863 470 3940 Νεστήριον
489 3866 533 3917 καί
552 3868 598 3922 τήν
622 3862 699 3916 αὐτοῦ
722 3857 842 3914 ἀσίθιιαν
863 3854 981 3927 δίχιται,
997 3850 1129 3912 bueus

332 3956 451 4015 ίπιστολή
464 3956 531 4028 λίγτι
554 3953 618 4024 δίχα
639 3954 749 4029 κρίσεως
770 3953 813 4005 καί
835 3953 965 4014 ζητήσεως
990 3944 1130 4003 καταδικα·

332 4050 433 4111 σθήναι.
444 4051 487 4103 καί
499 4043 529 4103 ού
540 4044 582 4102 διά
591 4048 625 4102 τά
644 4042 771 4117 δήγματα,
784 4037 848 4098 ἀλλά
860 4039 902 4097 διά
924 4042 954 4097 τά
977 4049 1059 4113 μῖσος
1080 4047 1131 4095 τῶν

335 4143 440 4200 πολιτῶν
454 4146 490 4202 είς
501 4146 546 4201 τήν
560 4139 688 4214 ίκκλητίαν
703 4141 742 4209 ’μή
759 4134 933 4211 ἀποστρέψαι·
947 4137 989 4206 καί
1007 4134 1038 4188 ού
1058 4133 1131 4203 μύνον

335 4236 459 4293 ιίςτούτο
479 4231 620 4306 ἁμαρτάνει
643 4227 656 4283 δ
680 4234 726 4287 τήν
748 4226 829 4286 άστδή
854 4224 985 4284 ἐπιστολήν
1008 4222 1130 4288 ἐκδικῶν,

335 4318 396 4378 ἀλλά
407 4325 450 4378 καί
461 4320 603 4377 ιειλιστίνον
616 4321 660 4376 τὸν
680 4319 769 4375 Πάπαν
782 4313 955 4381 καταδικάζει,
972 4316 1016 4372 τὸν
1030 4313 1133 4370 ιὶπύντα

336 4420 395 4491 πιρί
406 4416 535 4493 ιινριλλον,
563 4411 604 4473 ὅτι
625 4415 641 4473 ή
660 4414 750 4472 πίστις
772 4409 902 4487 κνρίλλον,
921 4409 1033 4483 ήμιτέρα
1047 4409 1172 4468 πίστιςί)

334 4509 415 4566 ίστίν·
431 4512 472 4563 καί
489 4500 550 4563 ύτά
562 4504 659 4562 δύνδεκα
672 4504 794 4578 κεφάλαια
805 4507 851 4558 τοῦ
866 4502 891 4556 ίν
906 4499 986 4573 ἁγίοις
1002 4498 1134 4574 Κνρίλλον,

336 4601 480 4673 ίναντίατῇ
490 4599 551 4675 ὀρθή
564 4600 652 4654 πίστει
666 4595 745 4668 λέγων
759 4595 904 4669 ύπάρχειν,
921 4593 950 4648 ού
970 4590 1043 4663 μύκον
1061 4591 1135 4646 αύτίν

337 4694 381 4750 τίν
402 4692 426 4746 ίν
445 4690 525 4762 ἀγίοις
540 4688 666 4764 eupillo,
682 4690 726 4742 καί
746 4689 789 4743 τίν
814 4687 840 4739 iu
860 4685 974 4769 μακαρίᾳ
996 4689 1029 4756 τῇ
1049 4686 1134 4755 μνήμη

338 4783 493 4847 κιλεστίνον,
501 4782 544 4834 καί
556 4784 601 4838 τήν
614 4780 717 4856 πρύτην
728 4775 855 4847 ίνἘφίσῳ
865 4772 971 4829 σύνοδον
978 4773 1133 4846 κατακρίνει,

338 4876 400 4933 ἀλλά
413 4878 457 4931 καί
470 4878 515 4935 τήν
528 4875 554 4928 ίν
566 4867 704 4931 ammitte
717 4867 823 4924 σύνοδιν
837 4864 1011 4930 καταδικάζει,
1023 4869 1068 4922 τίν
1082 4885 1134 4919 πα·

338 4971 400 5045 ripa
425 4972 468 5025 καί
493 4962 646 5024 διδάσκαλον
672 4962 736 5020 ίδιον
759 4960 876 5038 repellor
903 4958 1133 5034 ίπιγραψαμίνην·

338 5060 414 5117 inire
427 5061 469 5114 καί
480 5057 578 5112 Δίοντα
589 5055 633 5111 τὸν
643 5056 669 5108 ἀν
683 5053 762 5128 ἀγίοις
773 5054 863 5109 πάπαν
873 5054 967 5123 Ῥώμης
983 5050 1077 5119 ὁμοίως
1089 5071 1136 5102 κα·

342 5160 478 5224 ταδικάζτι,
503 5153 537 5219 ὃς
554 5155 677 5233 epicuris
701 5155 726 5208 ίν
744 5150 883 5217 Χαλκηδόνι
903 5148 1009 5208 σύνοδον
1022 5146 1136 5222 γράφων,

340 5249 407 5309 τῗπεν
422 5252 483 5327 περί
494 5256 544 5306 τῶν
557 5247 655 5306 idduae
669 5247 807 5321 κεφαλαίων
821 5252 866 5301 τοῦ
878 5246 902 5297 ίν
912 5244 992 5318 άγίοις
1006 5242 1135 5316 ουρίλλου·

342 5359 352 5392 ι
369 5343 398 5394 Οἱ
414 5338 472 5417 ὅροι
482 5341 506 5396 oi
520 5339 720 5415 προενιχθίνττς
742 5338 808 5391 κατά
830 5337 968 5409 Νεστορίον
994 5335 1065 5409 παρά
1091 5347 1138 5384 τυ·

341 5432 424 5510 ρίλλον
443 5438 490 5488 τοῦ
503 5439 549 5493 rie
563 5430 637 5517 ἀγίας
651 5429 751 5500 μνήμης
764 5428 788 5481 ἓν
799 5425 896 5499 βιύαίῳ
909 5424 1081 5496 μινίτωσαν.ε

378 5660 462 5715 Πάσης
475 5652 502 5709 δί
512 5653 633 5714 ἀσιδείας
646 5653 831 5725 πιαληρωμίνη
849 5652 868 5723 ή
879 5648 984 5727 μυσαρά
1001 5646 1138 5720 τ’πισεολή,

340 5747 369 5803 ίν
385 5748 458 5819 μόνον
472 5753 521 5803 τῶν
541 5746 636 5803 ἀληθῶν
658 5742 807 5819 αποκρύύαι
820 5744 866 5797 ούκ
877 5738 1003 5809 ίσχνσιν,
1027 5736 1069 5792 ὅτι
1089 5738 1140 5790 ἀπὸ

345 5838 480 5917 άρθοδδξων
494 5838 533 5889 καί
550 5834 627 5907 ἁγίων
646 5834 783 5907 ἀνθρὼπων
797 5828 928 5905 θτδδωρος
942 5826 988 5882 ἀπ’
1007 5827 1140 5885 ἐκκλησίας

381 5948 518 6006 ·r·lnasis
541 5945 651 6003 onauiuo
670 5947 782 6011 uitiosa,
804 5959 883 6015 quae,
905 5945 926 5999 si
946 5943 1031 5998 Gracci
1052 5950 1141 5995 textus

345 6035 427 6095 atque
445 6017 661 6078 mrtecedeutium
675 6016 743 6073 ratio
759 6016 908 6077 habeatur,
928 6014 966 6069 sic
982 6012 1141 6082 corrigenda

986 422 1135 485 ttlcltlb's
1154 420 1254 477 raes.

1892 398 1909 457 δ

1232 550 1287 591 aon
1298 528 1379 588 nando
1390 524 1532 583 haereticos
1543 528 1634 578 tuetur
1642 535 1675 576 ac
1684 516 1786 583 laudat,
1795 512 1842 571 sed
1853 512 1911 569 catb

1157 629 1224 684 lieos
1238 624 1320 681 e‘tiarn
1333 620 1474 677 uunriuare
1488 632 1541 672 nou
1554 621 1673 671 veretur.
1688 611 1727 666 lio
1739 609 1822 665 beato
1836 618 1911 674 naurq

1158 719 1262 776 Rabnla
1276 716 1474 771 Edessenorurn
1489 707 1627 779 episcopo,
1643 701 1748 759 eximie
1761 698 1869 771 pietatis
1882 712 1908 751 ar

1158 814 1242 876 stite,
1263 807 1340 875 cullas
1358 803 1391 858 ad
1410 800 1563 871 sepulcrum
1589 795 1622 850 ad
1646 794 1703 849 bace
1724 805 1808 860 usque
1831 799 1911 857 temp«

1161 899 1293 958 mirabilia
1308 901 1460 965 patrantur,
1474 889 1528 945 boc
1542 885 1623 942 utodo
1638 883 1665 938 iu
1679 882 1761 952 impia
1775 880 1821 935 ilia
1834 894 1911 935 suae

1160 991 1231 1046 stola
1253 986 1367 1042 scribit:
1386 1001 1395 1034 ι
1410 982 1551 1053 Tyrannus
1569 984 1668 1031 nostrae
1683 971 1818 1037 civitatis,
1832 984 1911 1039 quern

1162 1082 1243 1139 etiarn
1259 1079 1314 1149 ipse
1329 1091 1382 1131 nou
1398 1074 1520 1142 ignoras,
1534 1068 1580 1138 qui
1594 1064 1737 1122 occasione
1754 1062 1831 1126 titel,
1846 1076 1899 1114 aron

1163 1174 1218 1229 lum
1234 1184 1298 1227 cum
1311 1183 1344 1224 eo
1356 1166 1478 1221 uiuentes
1492 1157 1676 1235 persequitur,
1691 1153 1739 1211 sed
1758 1153 1839 1209 etiarn
1853 1165 1901 1207 eos

1167 1260 1267 1316 dudam
1281 1257 1316 1313 ad
1329 1254 1471 1310 Dominum
1485 1249 1619 1304 abierunt.
1633 1244 1753 1312 Quorum
1766 1257 1835 1298 unns
1845 1241 1911 1296 estb

1165 1362 1208 1410 tus
1222 1349 1381 1407 'lbeodorus
1394 1343 1555 1415 praedicator
1570 1335 1702 1404 ueritatis,
1716 1341 1744 1389 et
1757 1333 1852 1388 doctor
1866 1330 1911 1385 Ec«

1165 1448 1223 1511 siae,
1239 1443 1353 1514 quinon
1377 1436 1465 1493 solum
1487 1434 1579 1487 vivens
1597 1428 1740 1484 baereticos
1760 1440 1809 1496 per
1826 1438 1908 1495 propr

1167 1535 1246 1591 iidem
1261 1527 1411 1604 percussit,
1426 1522 1568 1581 sedetiam
1584 1524 1645 1590 post
1665 1524 1779 1572 ruorteur
1794 1527 1870 1567 arana
1883 1527 1911 1580 sp

1168 1626 1231 1682 talia
1246 1624 1273 1678 in
1289 1621 1365 1676 libris
1378 1616 1434 1674 suis
1447 1611 1592 1681 dereliquit
1605 1606 1734 1664 Ecclesiae
1748 1602 1829 1669 liliis,
1850 1602 1906 1656 sicu

1169 1727 1216 1774 tua
1225 1712 1386 1775 reverentia,
1399 1723 1461 1765 curn
1472 1720 1505 1761 eo
1516 1702 1653 1760 collocuta
1663 1697 1800 1767 cognorit,
1810 1703 1839 1751 et
1851 1694 1894 1748 bis
1906 1712 1911 1743 ι

1171 1811 1206 1868 ab
1218 1824 1252 1866 eo
1264 1806 1366 1877 νοτίοιο
1378 1808 1443 1859 suut
1461 1797 1575 1869 prebuit
1599 1792 1690 1848 udam.
1715 1789 1791 1845 Hunc
1813 1801 1895 1842 ausus

1168 1902 1215 1976 qui
1238 1897 1329 1956 omina
1356 1893 1449 1960 audet,
1478 1889 1513 1945 ab
1535 1883 1656 1943 Ecclesia
1687 1876 1911 1936 anathematizare

1171 1996 1329 2063 Rursusque
1343 1988 1370 2044 in
1384 1984 1471 2043 sancti
1493 1980 1584 2054 Cyrilli
1605 1974 1817 2039 contumeliam,
1839 1973 1896 2026 baec

1170 2087 1199 2144 in
1211 2079 1370 2142 exsecrabili
1384 2092 1416 2134 ea
1430 2072 1545 2146 epistola
1558 2069 1749 2126 continentur:
1765 2082 1774 2116 ι
1788 2061 1844 2119 Cor
1858 2060 1910 2129 ὣς

1171 2175 1320 2235 emollitum
1335 2178 1395 2233 est,
1411 2173 1439 2223 et
1452 2165 1511 2222 siue
1525 2160 1687 2224 uexatione,
1703 2163 1784 2212 rectae
1798 2151 1859 2208 lldei
1873 2168 1911 2206 asa

1171 2243 1910 2332 titusest;etinordiuatecoulravirosctmortuosirn

1172 2374 1214 2417 tes
1226 2360 1252 2415 in
1266 2352 1424 2412 confusione
1435 2354 1507 2412 sunt,
1519 2339 1717 2400 satisfacientes
1729 2352 1780 2408 pro
1794 2333 1900 2391 delictis

1173 2461 1201 2509 et
1214 2447 1349 2508 corttraria
1378 2439 1461 2513 priori
1480 2450 1536 2491 sure
1555 2431 1684 2489 doetrinae
1702 2427 1840 2491 docentes,
1857 2431 1885 2479 et
1896 2440 1911 2491 q

1174 2548 1299 2617 oporteat
1311 2534 1433 2595 confiteri
1447 2532 1475 2586 in
1490 2526 1619 2597 ternplum
1637 2532 1718 2592 atque
1735 2518 1911 2577 inhabitanter

1174 2654 1238 2694 eo.»
1252 2634 1338 2702 Atque
1346 2624 1517 2696 luecqnident
1529 2621 1556 2675 in
1570 2621 1719 2673 memorata
1730 2611 1844 2682 epistola
1854 2624 1911 2677 spur

1174 2729 1311 2786 intricata.
1321 2719 1460 2776 manifeste
1470 2714 1547 2770 uobis
1557 2712 1592 2766 ob
1603 2707 1696 2764 oculos
1710 2719 1812 2775 potuere
1822 2702 1911 2758 eonati

1176 2837 1245 2882 urus,
1256 2826 1293 2883 ut,
1303 2813 1355 2869 etsi
1367 2825 1440 2874 sero,
1450 2803 1612 2876 quandoque
1625 2807 1726 2865 taruen,
1736 2804 1810 2851 reeta
1819 2794 1907 2864 cogita

1178 2912 1213 2967 ab
1227 2905 1317 2980 pruris
1337 2904 1370 2958 iis
1386 2895 1597 2972 opinationibus,
1613 2889 1804 2957 erroribusque
1816 2885 1911 2941 discen

1139 3012 1163 3078 (2
1213 3001 1300 3056 Tauro
1313 3008 1395 3067 porro
1410 2990 1548 3047 sceleratae
1563 2985 1632 3040 illins
1646 2979 1767 3052 epistolae
1780 2985 1822 3034 est
1836 2978 1911 3048 irnpir

1176 3103 1206 3153 ut
1219 3105 1308 3161 neque
1321 3101 1370 3143 vos
1384 3084 1433 3155 ipsi
1448 3080 1505 3137 ansi
1521 3079 1589 3143 sitis,
1601 3084 1630 3130 ut
1642 3074 1750 3140 dicitur,
1766 3070 1891 3127 universa

1175 3189 1234 3261 ipsa
1247 3177 1446 3252 complectitur,
1470 3173 1497 3228 in
1519 3169 1653 3241 capitibus
1681 3178 1743 3234 quae
1757 3160 1883 3227 misistis,
1907 3175 1911 3228 φ

1176 3289 1299 3351 ponere,
1322 3280 1476 3341 quanquam
1498 3260 1627 3318 nonnulla
1647 3270 1775 3329 peruersa
1793 3252 1911 3322 explicat

1177 3360 1351 3437 interpretari
1366 3354 1543 3414 mutaveritis.
1566 3350 1631 3418 Quis
1650 3349 1722 3405 enim
1743 3343 1904 3402 Christianis

1177 3451 1411 3515 annumerandus,
1426 3447 1473 3519 qui
1484 3460 1545 3501 eam
1559 3443 1668 3513 impiam
1688 3453 1742 3494 uon
1756 3437 1843 3502 dicat,
1859 3449 1911 3505 qua

1178 3558 1323 3618 tantasque
1337 3540 1458 3599 continet
1472 3531 1671 3605 blasphemias?
1689 3527 1816 3597 Quisquis
1829 3526 1900 3581 enirn

1178 3637 1298 3713 epistolae
1313 3632 1498 3689 defensionem
1512 3624 1623 3696 suscipit
1636 3622 1662 3677 in
1677 3636 1730 3690 qua
1744 3618 1774 3675 S.
1788 3616 1904 3688 Cyrillus

1178 3732 1280 3788 relicus
1298 3723 1464 3796 appellatur,
1478 3717 1620 3792 primaque
1638 3711 1772 3784 Ephesiua
1792 3708 1911 3780 rejicitur

1180 3821 1276 3886 nodus,
1288 3817 1334 3873 bic
1344 3811 1486 3870 manifeste
1496 3816 1551 3864 stat
1561 3822 1576 3861 a
1588 3802 1702 3861 Nestorii
1716 3800 1848 3873 partibus,
1863 3795 1911 3866 eju

1180 3911 1302 3969 adheret
1320 3903 1473 3977 impietati,
1492 3915 1574 3970 quem
1589 3898 1647 3967 ipsa
1672 3892 1788 3966 epistola
1803 3888 1911 3960 inquisit

1179 4003 1334 4075 judicioque
1352 3998 1394 4059 bis
1407 3995 1564 4051 damnatum
1579 3989 1662 4044 luisse
1680 3985 1779 4040 latetur
1793 3979 1911 4052 quidem,

1182 4107 1237 4149 nou
1251 4091 1407 4159 dogmatum
1420 4098 1520 4150 carisa,
1533 4095 1628 4138 rernm
1643 4076 1742 4133 civium
1756 4073 1821 4131 odio
1835 4071 1869 4127 ad
1883 4068 1911 4123 m

1182 4183 1250 4242 mam
1263 4196 1316 4237 uon
1331 4193 1392 4237 esse
1402 4174 1563 4239 reuersum'
1577 4189 1584 4225 z
1597 4178 1679 4239 atque
1689 4182 1742 4222 uon
1754 4162 1859 4237 peceati
1866 4176 1911 4217 reu

1184 4276 1265 4332 modo
1279 4273 1314 4331 ob
1327 4272 1398 4327 bane
1409 4282 1530 4336 caluam,
1544 4264 1590 4337 qui
1604 4263 1663 4333 ejus
1674 4259 1796 4333 epistolae
1812 4264 1903 4313 tuetur

1185 4377 1246 4433 tes,
1268 4378 1362 4421 rerum
1376 4361 1439 4433 quia
1452 4357 1629 4416 Caelestinum
1642 4366 1752 4424 quoque
1766 4363 1865 4421 papam
1878 4363 1911 4403 co

1185 4466 1280 4522 must,
1300 4455 1335 4511 de
1352 4451 1453 4525 Cyrillo
1468 4449 1621 4513 dicentem,
1647 4443 1739 4517 Cyrilli
1762 4442 1842 4498 iidem
1860 4454 1909 4494 nos

1184 4546 1266 4603 iidem
1277 4561 1348 4602 esse.
1360 4541 1519 4613 inpariter,
1529 4538 1576 4609 qui
1586 4535 1729 4593 duodecim
1743 4548 1775 4590 ea
1789 4527 1908 4587 sanctiC

1185 4639 1274 4710 capita
1289 4650 1350 4693 cum
1364 4642 1440 4689 recta
1451 4630 1503 4686 lide
1516 4641 1637 4701 pugnare
1648 4622 1798 4688 contendit,
1813 4622 1837 4676 is
1850 4635 1904 4675 uon

1185 4737 1259 4784 ctum
1272 4725 1401 4798 Cyrilluro
1415 4720 1497 4777 modo
1511 4727 1593 4788 atque
1608 4717 1696 4772 beatae
1709 4709 1845 4768 memoriae
1859 4709 1911 4764 (λαὶ

1186 4832 1267 4883 nunt,
1281 4816 1451 4887 primamque
1464 4808 1628 4881 Ephesinam
1641 4803 1774 4878 synodum
1788 4801 1899 4857 damraat

1185 4912 1314 4966 aduersus
1332 4919 1440 4978 quoque
1460 4910 1585 4958 sanctum
1598 4895 1820 4955 chalcedonense
1838 4894 1911 4949 coraci

1184 5000 1313 5073 iudicium
1327 4999 1380 5057 lert
1389 4996 1461 5069 quod
1472 4994 1600 5066 cyrillum
1615 4990 1723 5060 scriptis
1736 4990 1842 5044 Patrem
1856 4998 1911 5040 esse

1187 5101 1268 5163 atquc
1282 5090 1422 5146 doctorem
1436 5083 1599 5148 declararit3
1624 5089 1706 5149 atquc
1728 5077 1837 5147 iusuper
1855 5073 1911 5129 adu

1182 5192 1312 5255 sanctum
1333 5178 1453 5234 Leonem
1474 5174 1657 5231 Romanorum
1680 5165 1854 5241 pannificum,
1881 5178 1911 5231 qu

1191 5271 1416 5343 (llraleedoueuse
1466 5263 1612 5321 concilium
1639 5261 1760 5317 scribens
1787 5257 1821 5313 de
1843 5255 1911 5310 duod

1191 5363 1277 5425 sartcti
1300 5358 1393 5431 Cyrilli
1410 5355 1543 5429 capitibus
1564 5353 1622 5408 hnc
1643 5350 1751 5406 habet:
1773 5366 1789 5415 ,ι
1812 5344 1908 5401 Debuit

1193 5457 1323 5515 adversus
1338 5450 1492 5509 Nestorium
1508 5446 1542 5502 ab
1555 5452 1655 5501 sanctu
1668 5438 1864 5500 recordatiouis
1883 5435 1911 5509 C:

1194 5548 1340 5621 propositae
1363 5545 1390 5599 iu
1405 5549 1470 5606 tuto
1486 5542 1661 5611 perstiterunt
1675 5535 1773 5612 [Grec.
1788 5532 1910 5606 persistar

1229 5637 1391 5705 Quanquam
1408 5646 1475 5689 uero
1495 5630 1583 5686 emtus
1600 5628 1681 5700 plena
1695 5629 1731 5683 sit
1750 5622 1897 5697 iniquitatis

1195 5730 1302 5786 erabilis
1316 5742 1350 5783 ea
1362 5724 1493 5796 epistola,
1514 5736 1595 5776 unam
1609 5729 1698 5775 tamen
1713 5718 1824 5774 aniuirne'
1837 5716 1910 5771 celar

1195 5824 1246 5877 tuit
1263 5821 1414 5883 ueritatem,
1431 5812 1575 5870 Theodoro
1589 5813 1693 5868 scilicet
1706 5819 1768 5881 post
1782 5818 1893 5864 mortem
1907 5830 1911 5859 ι

1195 5944 1237 5989 est
1253 5952 1259 5987 :
1351 5946 1425 6004 qrrenr
1443 5926 1689 5995 incrementum
1708 5922 1802 5990 inqrria.
1830 5918 1879 5971 ἰαί.
1899 5936 1911 5971 u

1196 6008 1276 6078 [trisse
1290 6020 1369 6072 ursrr,
1386 6017 1431 6056 uec
1446 5999 1522 6051 noem
1550 6010 1626 6035 Μ
1652 6009 1795 6049 ⁴:³ruur.....
1810 5938 1881 6049 θύοιεν,
