4059 6184
139 343 192 399 137
747 337 924 397 uonsoouu·
944 337 987 394 ΕΤ
1007 335 1175 394 DECRETA.

137 453 181 509 bis
194 452 235 507 sic
249 458 420 520 expresserat
436 467 441 502 :
457 446 522 515 Quia
536 466 552 505 a
566 448 641 506 neiis
653 451 759 522 definiri
773 449 875 513 debent,
890 465 931 503 re·
947 455 969 512 Α
1020 447 1099 504 Χιίι.
1121 447 1267 505 Enimuero
1291 463 1325 504 ne
1343 447 1404 518 quis
1425 445 1595 505 ambitiosum
1615 446 1668 503 boe
1689 444 1779 517 l'igilii

135 523 241 580 remote
256 522 376 588 Domina,
392 530 416 575 et
429 523 582 590 inrestincta
597 523 719 586 ventare,
738 521 875 577 salubriter
887 521 932 573 ins·
984 520 1122 575 decretum
1135 520 1318 583 existimaret,
1334 520 1392 589 ipse
1405 519 1523 573 rationes
1538 532 1598 588 qum
1614 532 1644 574 se
1657 516 1692 572 ad
1708 518 1779 576 banc

136 596 210 662 pieta
227 602 296 656 unns,
316 592 393 663 anasi
413 591 514 646 diceret
526 593 594 647 hanc
610 593 801 664 quaestionem,
818 591 880 645 lieet
899 590 933 644 ab
984 590 1148 646 senitentiam
1171 590 1336 659 impulerint.
1361 589 1410 644 bas
1430 589 1560 659 assignat.
1582 586 1686 658 Nempe
1704 589 1778 658 quod

138 664 276 734 episeopis
290 661 440 718 discussam
460 661 487 716 in
508 660 673 735 synodoce
693 677 787 717 eonnm
801 659 935 726 snorsgtns
984 660 1148 717 offensiones
1170 667 1198 714 et
1215 658 1341 716 scandala
1360 673 1421 728 que
1438 658 1544 726 generis
1562 657 1673 714 humenti
1693 657 1779 715 bostis

139 733 271 796 decisam,
291 731 531 802 sedisapostolicae
547 731 658 787 decreto
671 746 732 788 esse
752 730 934 802 peremptorie
985 745 1033 801 per
1046 730 1254 800 disputationem
1268 730 1302 785 de
1317 728 1402 784 tribus
1416 728 1541 798 capitulis
1553 728 1707 792 invexerat,
1720 728 1778 797 ism

140 801 333 860 definiendam.
349 800 426 858 Unde
444 802 496 858 boe
518 817 595 857 suam
619 801 757 857 decretum
775 802 935 858 mordeam
985 801 1077 856 sedzna
1095 807 1201 866 essem,
1223 814 1330 880 paxque
1349 799 1452 855 reddita
1472 808 1544 855 esset
1567 797 1694 855 Ecclesiae
1717 813 1781 869 post

141 871 742 998 ‘Pil'lettobenano-llllnn
815 947 933 994 nertin„
986 870 1322 996 illuminabile
1348 870 1498 995 b‘otil
1513 867 1779 995 alimonii

142 1013 178 1071 sle
201 957 311 1084 cointaeq
320 1011 416 1083 synodi
430 959 600 1077 simmitrii,
615 954 838 1067 deiectiunlisiini
848 1007 936 1078 vigilii
949 953 1080 1066 'nouit
1095 1018 1124 1065 et
1137 980 1329 1066 Africanarum
1338 953 1535 1080 pmsintciarim
1550 956 1695 1080 episeopoi
1724 1011 1779 1064 rio·

143 1086 171 1139 in
185 1092 247 1139 acta
259 1082 412 1137 retulerunt
431 1082 602 1137 continenter
614 1091 675 1151 post
687 1080 875 1136 delinitiouem
889 1096 935 1152 sy·
986 1082 1024 1137 ris
1037 1081 1178 1136 sententia
1260 1081 1361 1145 tuisse,
1376 1081 1693 1136 etcommunicatisenm
1705 1025 1780 1149 iigi·

144 1154 210 1210 nodi
232 1171 239 1207 :
263 1150 489 1223 quemadmodum
511 1151 639 1220 colligere
662 1152 725 1206 licet
749 1165 783 1207 es
805 1164 839 1206 eo
864 1149 936 1220 quod
987 1151 1024 1206 lio
1039 1152 1173 1216 consiliis,
1213 1151 1251 1205 rie
1272 1151 1364 1206 talium
1380 1151 1598 1206 comnnunicnem
1617 1151 1777 1220 annplesos:

139 1224 297 1294 exscriptor
310 1222 505 1293 antiquuseJ'us
524 1223 650 1292 exennpli,
670 1220 740 1291 arrad
764 1220 935 1291 proferimus,
988 1221 1059 1277 nude
1082 1221 1198 1288 lactum,
1221 1228 1251 1275 ut
1273 1220 1368 1276 delore
1388 1236 1401 1275 s
1424 1220 1494 1275 inter
1515 1221 1701 1276 seinismaticos
1724 1236 1780 1275 non

131 1295 195 1351 luae
210 1292 325 1364 epistola
340 1292 421 1347 linem
437 1292 504 1348 actis
522 1293 617 1363 synnodi
636 1291 789 1362 impositum
810 1299 934 1350 testatur.
986 1299 1189 1348 recenseantur.
1205 1289 1234 1345 la
1247 1290 1351 1360 reliquo
1420 1290 1510 1346 ideate
1524 1289 1619 1346 Franci
1632 1289 1781 1361 etllispsul

143 1364 264 1420 Verbum
278 1364 350 1417 eninr
365 1361 486 1418 solemne
504 1362 621 1417 librariis
637 1362 765 1430 anitiquis,
784 1375 838 1430 qino
854 1361 935 1415 durem
987 1361 1205 1417 communionem
1220 1361 1375 1431 apostolica
1388 1360 1460 1416 sedis
1475 1362 1645 1416 retinuerunt
1660 1378 1667 1414 ι
1680 1375 1780 1484 pueru-

143 1435 236 1505 operis
249 1433 441 1502 designabant,
462 1447 558 1502 nempe
575 1435 659 1499 retae,
681 1432 723 1487 nel
742 1431 861 1499 explicit,
882 1446 937 1500 quo
988 1431 1131 1486 admodum
1154 1432 1235 1486 enam
1256 1430 1339 1486 ltalia
1360 1431 1451 1501 episeo
1472 1432 1493 1494 i,
1519 1438 1660 1501 postquam
1703 1430 1780 1486 busci

142 1503 385 1572 utituraliquaodo
401 1501 593 1576 Hieronymus,
610 1501 781 1557 amanuensis
797 1512 890 1555 noster
904 1516 938 1555 ex
988 1517 1004 1556 a
1019 1500 1128 1572 Pelagio
1142 1499 1153 1556 l
1167 1501 1262 1556 moniti
1276 1502 1367 1558 station
1388 1501 1415 1555 ia
1431 1447 1548 1557 oiicium
1563 1501 1711 1556 redierunt·
1722 1500 1781 1558 Sall

143 1575 214 1631 actis
227 1574 254 1629 in
269 1589 346 1628 suum
366 1581 522 1642 excerptum
539 1573 643 1628 sincere
658 1571 833 1641 transscripsit.
852 1570 936 1635 Finis,
988 1572 1083 1639 istria,
1098 1570 1217 1627 Venetia
1231 1580 1259 1627 et
1271 1569 1384 1639 Liguriae
1394 1572 1523 1642 episcopi,
1539 1571 1585 1641 qui
1596 1571 1647 1627 sub
1661 1570 1781 1627 dominio

143 1645 242 1727 inquit,
254 1646 337 1698 artari
351 1641 409 1697 libri
420 1642 512 1714 spondi
527 1641 749 1711 Consuantinapoli
764 1650 936 1712 conprepnta.
989 1640 1230 1711 Langobardorum
1244 1641 1388 1712 degebant,
1404 1641 1536 1724 pertinaci
1550 1642 1641 1697 anniano
1663 1642 1782 1698 schisma

145 1713 250 1770 munte
265 1730 329 1770 nero
345 1713 453 1780 lemma,
472 1728 521 1767 seu
537 1713 628 1767 sinnius
648 1713 726 1780 burgus
741 1710 859 1781 epistola
873 1711 939 1766 satis
991 1711 1115 1767 inverunt
1134 1726 1218 1781 usquc
1239 1711 1273 1766 ad
1291 1708 1413 1780 Gregorin
1432 1711 1467 1767 bl.
1494 1720 1547 1767 tem
1617 1712 1687 1782 ,qui
1708 1712 1782 1769 viros

142 1785 238 1844 docet,
254 1783 408 1855 praescripta
423 1797 483 1838 esse
494 1784 520 1837 in
531 1782 626 1836 eodem
642 1783 736 1837 codiee
750 1790 810 1836 aeta
821 1779 937 1852 synodi:
988 1782 1055 1838 illud
1067 1782 1147 1836 atinum
1163 1781 1233 1853 npud
1248 1780 1381 1838 Hibernos
1392 1782 1507 1838 maurit.
1561 1783 1634 1839 entia
1658 1782 1733 1853 pacis
1754 1793 1784 1838 et

150 1855 241 1927 iipilii
264 1853 376 1941 'epistola'
396 1852 432 1907 nd
448 1851 606 1942 'Eatpelrirnn
629 1857 670 1907 nsi
697 1854 760 1934 epi,-
783 1858 869 1906 πᾶσιιι
893 1873 938 1909 ιιι
955 1831 1177 1934 Bscandalorum
1199 1851 1354 1934 sedatorum
1372 1851 1470 1920 injecta
1485 1852 1556 1907 uiam
1571 1853 1656 1922 aperit
1672 1853 1783 1935 disperi-

141 1922 939 2076 nnrnnnnnnnlrnl:elticiniensi,
988 1921 1263 2062 initiantibus
1274 1922 1783 2062 “inclementioribus

144 2067 357 2147 tinopolntauns,
376 2065 434 2118 lieet
454 2063 649 2119 infensissimus
667 2061 792 2117 Ecclesiae
812 2060 940 2115 llomaure
1009 2078 1098 2131 uoqnne
1123 2062 1306 2117 detinnitionem
1331 2062 1420 2130 vigilii
1446 2063 1571 2127 tribuam,
1586 2078 1648 2118 eum
1674 2062 1783 2118 rideam

144 2136 251 2201 boetus,
265 2137 299 2190 ab
313 2135 344 2189 iis
362 2134 449 2189 uerbis
468 2142 621 2202 temperare
641 2149 693 2186 num
709 2134 806 2202 potnit,
821 2146 880 2200 querc
894 2127 940 2184 ii·
1030 2133 1133 2187 ontium
1157 2133 1367 2195 scholasticum,
1388 2133 1435 2202 nui
1459 2134 1510 2187 bae
1532 2141 1612 2187 :etate
1630 2131 1730 2195 lloruit,
1749 2146 1784 2187 es

145 2207 203 2275 gitti
219 2205 407 2260 auctoritatem
422 2205 448 2258 in
463 2204 645 2259 condirnnannla
659 2204 710 2258 litio
723 2203 827 2273 syrnodo
838 2201 941 2268 signili-
989 2203 1048 2258 sola
1063 2203 1169 2258 ratione
1180 2202 1280 2268 quince
1292 2202 1388 2273 synodi
1401 2204 1539 2258 decretum
1561 2202 1669 2264 micina,
1686 2216 1784 2271 nennpe

144 2283 222 2340 cant,
238 2277 358 2343 satisque
370 2274 482 2334 docent,
497 2283 559 2343 post
575 2274 692 2327 babitans
712 2271 855 2343 synodum,
871 2285 940 2340 pou·
1010 2272 1062 2327 uod
1077 2273 1159 2326 latum
1172 2272 1208 2326 sit
1219 2274 1274 2328 κατ’
1284 2275 1435 2344 decrepito,
1449 2280 1478 2325 nt
1491 2271 1536 2328 ille
1549 2274 1597 2337 ait‘,
1612 2272 1785 2328 existimante

143 2344 229 2402 silncis
252 2346 389 2402 decretum
413 2343 569 2401 accessisse.
593 2342 654 2397 llree
671 2350 734 2398 sunnnt
755 2341 814 2410 ejus
832 2341 938 2396 verba:
989 2287 1140 2400 iustiniano
1161 2341 1206 2397 inis
1228 2341 1354 2412 capitulis
1376 2341 1522 2408 damnastis,
1544 2341 1711 2412 acephalos,
1735 2357 1785 2398 seu

146 2426 233 2493 nepe-n
254 2421 300 2488 μὲι
316 2426 347 2490 τῇ
364 2416 445 2476 πόλει,
461 2419 584 2488 atnepos
602 2413 670 2489 διτῄ
685 2411 795 2484 συνόδῳ·
811 2413 844 2473 ὡς
859 2411 880 2466 ιι
899 2417 942 2467 καὶ
992 2412 1152 2467 llmsitautes
1179 2410 1308 2467 unitatem
1335 2409 1461 2468 Ecclesia
1490 2419 1517 2467 et
1544 2412 1675 2488 synodum
1703 2410 1781 2467 Chal-

146 2494 183 2561 μή
202 2487 332 2560 episopo
353 2488 388 2545 ι-ἶι
407 2491 452 2544 τιν
471 2484 613 2562 cosipupr'n
632 2493 678 2545 rie
698 2485 770 2561 ιιράς
794 2483 942 2555 ἑμιιγύριως
991 2482 1171 2537 odornensem
1197 2482 1379 2552 annplexuros.
1404 2482 1492 2538 Verba
1516 2480 1622 2538 leontii
1643 2483 1702 2539 baec
1722 2490 1787 2539 sunt

146 2582 162 2612 ιι
179 2560 272 2623 rien,
296 2556 348 2611 ἀλλ’
372 2555 440 2627 ὅμως
463 2562 508 2614 τιν
532 2561 613 2615 nonis
638 2563 687 2609 τιῖιι
713 2556 829 2630 anepos
854 2559 943 2607 πιστιιι
992 2552 1100 2608 actione
1122 2549 1139 2604 6
1160 2550 1293 2607 desectis
1317 2551 1614 2621 εὀτινιιτοὶκοιομιοιν
1634 2559 1786 2610 revestire

147 2631 276 2697 inse-ipro
288 2626 401 2699 miton.
416 2625 513 2679 Aderat
527 2641 642 2696 prasente
654 2624 681 2677 t'n
694 2621 768 2690 urbe,
781 2620 828 2676 seri
837 2636 890 2675 nont
901 2621 943 2674 int-
993 2623 1110 2681 laninam
1129 2619 1310 2685 ἰουοτινιανός.
1326 2623 1427 2683 Ἐπειδὴ
1438 2627 1489 2697 peip
1503 2625 1570 2700 ἐώρα
1583 2626 1644 2685 τοὺς
1659 2638 1786 2700 usurpem·

144 2707 246 2753 merae
258 2697 358 2770 spaotio
369 2717 377 2750 .·
388 2698 435 2750 etsi
449 2712 507 2750 tuero
526 2711 578 2750 iton
593 2695 658 2748 adeo
677 2709 759 2764 prono
778 2693 866 2746 animo
877 2697 943 2746 esaei
992 2695 1083 2763 pisca:
1095 2691 1136 2749 iti
1149 2702 1224 2750 scira
1238 2696 1476 2768 ἀποστρεφομένους
1488 2700 1533 2754 τήν
1545 2692 1659 2760 σύνοδοι,
1671 2696 1787 2765 iunipero-rr

144 2784 212 2840 erpa
227 2769 298 2822 sacri
310 2767 412 2822 ιοιιιιιιι
429 2774 528 2827 cetum,
543 2765 711 2819 rniln'lonriuns
728 2772 814 2817 tannen
828 2776 943 2817 commu·
995 2761 1037 2819 ὅτι
1048 2766 1091 2820 iio
1105 2765 1276 2836 eneispnricp
1287 2767 1390 2828 αὐτοὺς.
1403 2774 1472 2821 nansi
1482 2764 1607 2837 δεχθῆναι
1615 2771 1661 2824 rin
1670 2764 1787 2823 asoto.

147 2855 211 2892 nens
224 2837 335 2892 Pansam
348 2837 426 2909 pdern
440 2835 526 2892 libello
540 2834 711 2905 confirmarit.
726 2831 825 2888 Eadem
836 2837 944 2886 senten·
993 2839 1118 2906 ‘opinare
1141 2829 1187 2889 οὖν
1208 2832 1255 2890 δύο
1278 2838 1348 2897 τινὰς
1365 2837 1558 2907 ἁναιιμιιτὶσιιι,
1575 2838 1597 2889 si
1616 2841 1660 2890 καὶ
1677 2842 1712 2907 μή
1732 2835 1789 2894 ἔδοι

147 2909 187 2963 tia
203 2906 320 2962 scientur
331 2907 358 2961 inn
373 2906 553 2962 uretunstissimo
568 2902 662 2960 codice
679 2901 861 3027 mammiiw
873 2899 943 2983 Ala·
994 2908 1091 2966 edroi.-
1104 2906 1336 2977 scarponnam.
1360 2908 1404 2963 ina
1414 2928 1515 2962 esurum
1531 2912 1577 2966 rna
1588 2907 1678 2962 loono
1691 2911 1787 2982 ποιήσῃ

146 2978 224 3042 inico,
251 2978 277 3031 io
298 2990 352 3048 quo
370 2991 506 3034 calnomum
520 2974 645 3031 collectio
666 2973 700 3028 ad
719 2988 797 3030 ioum
839 2971 945 3028 wentae
995 2978 1039 3032 sal
1066 2974 1108 3031 διὰ
1133 2982 1210 3032 τοῦτο
1233 2978 1411 3047 &adspernans
1439 2980 1542 3037 eriredc.
1567 2979 1612 3031 και
1635 2976 1707 3038 iane
1729 2977 1788 3035 odit

149 3045 342 3105 Alexandnnn
359 3048 513 3102 connninctur
535 3064 541 3097 ι
566 3060 646 3114 quern
666 3058 749 3116 penes
764 3059 794 3099 se
809 3042 892 3099 babet
903 3041 946 3101 uir
996 3047 1079 3109 uiroc
1092 3044 1204 3111 ιδίξαιιι
1216 3047 1240 3100 ιι
1253 3059 1312 3102 ures
1330 3049 1436 3104 ιιόοιιοι
1447 3053 1492 3107 τιν
1508 3045 1624 3103 σύνοδον.
1638 3037 1789 3103 Secundam

147 3118 316 3176 clarissimus
327 3114 625 3172 GilbertusGaulmiuus
636 3115 786 3170 libellorum
795 3111 945 3196 supplicum
996 3116 1216 3189 dispensationem
1225 3131 1301 3188 pern
1367 3103 1422 3173 'dac
1441 3120 1502 3190 [ecit
1515 3116 1679 3172 lastinianus
1692 3118 1788 3188 (inter-

150 3190 292 3258 snagister,
308 3186 427 3243 Arabicae
440 3195 468 3242 et
478 3194 635 3242 caeterarum
649 3182 824 3240 Orientalium
838 3184 943 3253 lingua·
959 3213 982 3276 C
997 3202 1060 3256 pres
1072 3186 1143 3242 male
1156 3187 1247 3251 uertit,
1268 3197 1343 3243 certo
1356 3187 1494 3258 concilio).
1517 3186 1581 3242 cen
1600 3187 1669 3241 enim
1692 3188 1788 3246 elamet

148 3274 213 3315 rum
227 3257 414 3328 peritissimus.
430 3255 602 3312 collectionis
619 3256 675 3314 bac
693 3267 754 3310 sunt
769 3254 851 3310 rerba
864 3270 872 3307 ι
887 3251 946 3308 Es·
998 3256 1159 3313 flectentes
1172 3268 1277 3328 propter
1294 3257 1342 3313 inae
1357 3259 1474 3313 euersuri
1484 3258 1612 3330 synodum
1627 3256 1788 3318 tClualcedo-

148 3327 351 3384 communicans
371 3327 487 3397 synnodus
508 3335 534 3379 et
555 3334 683 3389 rnorbms,
707 3325 947 3397 medantenses
997 3327 1138 3395 oensem),
1157 3327 1323 3391 existimarit,
1343 3329 1411 3400 qaod
1434 3330 1457 3383 si
1478 3328 1711 3384 anathematizaret
1729 3329 1789 3387 illes

149 3399 299 3471 proesdmm
311 3398 362 3450 ιιιιι
369 3398 395 3450 ιιι
405 3398 471 3454 rinos
481 3397 566 3461 sotan-
589 3404 723 3465 aeternare
735 3395 790 3477 lnocJ
796 3393 947 3464 patriarcba
999 3396 1182 3468 (Theodorum
1200 3406 1228 3451 et
1244 3395 1344 3467 ibam),
1363 3399 1476 3469 spnodts
1494 3399 1660 3470 reciperetur.
1676 3396 1791 3471 leleopne

152 3467 277 3524 Romano
296 3469 401 3530 sciente,
417 3467 561 3538 quietern
583 3465 686 3531 ιιιιοιιι,
699 3475 724 3518 et
737 3473 832 3534 scrrpta
848 3464 883 3516 ad
902 3464 950 3516 im·
997 3467 1063 3522 duos
1077 3466 1334 3522 matbematisanaar
1348 3468 1423 3523 duait
1441 3471 1598 3540 (manarant
1621 3485 1666 3524 eos
1684 3470 1789 3525 minume

149 3545 303 3611 peratorem
324 3539 386 3593 aare
404 3537 483 3607 ptem
502 3551 576 3591 suma
595 3535 728 3608 professus
752 3544 800 3589 ert.
820 3531 947 3601 Ejusdem
998 3536 1375 3606 onanbnnerisarosoportuis),
1389 3547 1419 3590 ιιι
1431 3554 1517 3592 onnses
1535 3539 1571 3590 at
1583 3539 1706 3592 unitatem
1717 3540 1791 3593 redi·

151 3608 207 3663 riri
231 3608 375 3677 diligentiae
398 3607 579 3676 huncquoque
600 3603 781 3660 testinnonium
802 3602 950 3670 debemus,
998 3615 1079 3677 peret.
1096 3605 1172 3660 lianc
1185 3607 1264 3677 ipitrnr
1276 3606 1423 3664 alemanna
1433 3606 1788 3679 mosnnnrtenontntjectr.

150 3677 229 3749 quod
243 3693 276 3733 ex
290 3677 383 3733 cimice
403 3677 585 3746 manuscripto
600 3675 713 3729 Arabico
728 3673 846 3728 historiar
862 3672 948 3727 eccle·
1005 3677 1098 3730 Verum
1122 3693 1154 3731 ne
1176 3677 1213 3731 sie
1239 3676 1340 3747 quidem
1361 3676 1521 3733 llmsitantcs
1541 3677 1669 3748 maedam
1689 3694 1791 3749 recepe·

150 3749 272 3804 siastieae
286 3746 332 3802 lbn
350 3745 439 3803 Patrio
453 3746 588 3814 excerpsit
603 3753 631 3799 ct
644 3745 835 3814 interpretatus
852 3749 904 3808 est,
921 3749 948 3796 et
999 3755 1069 3801 enne.

151 3819 323 3888 superiorem
347 3817 436 3871 ιιιιιιιιι
460 3814 593 3870 ιιοιιιιιιιιιι
616 3814 766 3886 patriarcba
779 3829 949 3884 maronem-
1035 3813 1125 3871 illlll.
1141 3814 1273 3873 Caeterum
1294 3816 1408 3886 vigilios
1429 3816 1509 3874 aliam
1528 3831 1637 3887 auoque
1655 3817 1790 3876 rationem

151 3887 226 3944 ²⁰4⁰
245 3903 292 3941 Μ
314 3887 409 3953 “ditiis
432 3903 477 3940 ²¹2⁶
496 3887 607 3956 legatum
625 3886 713 3953 alisii,
732 3887 778 3940 sed
796 3897 950 3940 corraeorum
1000 3885 1080 3955 lnnjnn
1095 3887 1179 3944 ultimi
1194 3887 1295 3944 decreti
1313 3890 1446 3958 assignat,
1465 3902 1562 3958 nempe
1576 3888 1698 3943 ueritatis
1715 3891 1792 3958 agni·

1724 333 1778 389 uss
1855 403 1858 410 ,

97 3989 114 4000 ι
152 3956 280 4031 prebuit,
296 3958 414 4030 dictoque
427 3954 667 4025 Patrnonsasrepit.
683 3954 784 4010 Auctor
797 3954 847 4009 iste
861 3951 950 4008 Patria

153 4029 257 4100 sepius
276 4028 427 4082 laudatura
443 4017 559 4094 Georgia
578 4023 696 4080 Elimeia
716 4025 847 4094 scriptore
866 4022 950 4077 bisto-

154 4098 205 4180 rife
218 4097 396 4160 saracenica,
415 4096 489 4152 edito
503 4095 688 4166 superioribus
705 4096 782 4151 annis
797 4093 831 4148 ab
848 4091 950 4164 Erpeu·

176 4182 213 4223 no.

152 4184 173 4225 n
192 4233 265 4292 Xil.
283 4237 336 4291 Per
358 4234 428 4291 istrrd
449 4233 539 4318 vigilii
558 4234 695 4292 decretum
719 4234 811 4357 (points
833 4231 951 4304 synodus

153 4307 234 4364 relat
248 4307 404 4362 uunirrrsatis
424 4307 538 4366 salmossa
557 4315 608 4371 est,
624 4322 677 4360 non
691 4319 721 4360 so
734 4321 776 4358 nm
790 4305 816 4359 in
830 4305 949 4369 Oriente,

153 4375 205 4434 sed
220 4377 302 4432 etiam
317 4377 343 4430 iu
354 4373 509 4438 Oeeinleme.
527 4373 603 4431 liade
619 4376 741 4444 l‘clagius
753 4374 773 4437 l,
789 4375 876 4444 vigilii
888 4389 950 4428 suc·

155 4461 267 4508 cessar,
294 4446 452 4501 uniuersalis
475 4446 582 4501 concilii
607 4457 705 4500 nronnen
728 4445 766 4498 illi
793 4452 902 4512 arrogat
923 4444 950 4497 in

153 4516 273 4588 epistola
287 4517 320 4570 ad
334 4514 445 4586 aaran
459 4516 600 4584 patricium
613 4525 641 4573 et
654 4516 750 4570 ducem
765 4512 857 4580 ltaliae,
870 4528 951 4581 agens

155 4589 193 4644 de
212 4584 365 4655 Liguribus,
392 4583 526 4654 lennetieis
546 4594 574 4639 et
592 4585 600 4640 l
618 4586 691 4641 tricis
707 4585 852 4664 episcopis,
873 4582 921 4652 noi
935 4599 950 4637 a
966 4591 1107 4651 neretum
1127 4586 1214 4654 vigilo
1236 4595 1352 4654 tucatur,
1378 4591 1405 4644 in
1430 4589 1543 4659 epistota
1567 4590 1611 4645 illa
1633 4590 1739 4714 ppolim
1760 4591 1794 4645 ad

155 4656 399 4725 sedisapostolicae
418 4657 607 4711 cornunnuionc
624 4657 804 4709 discesserant
823 4654 858 4709 ob
876 4653 948 4708 illam

156 4725 301 4798 synodum.
318 4723 425 4796 Siquid
439 4741 492 4790 eos,
513 4725 609 4794 inquit,
626 4725 658 4779 cle
673 4725 773 4797 judicie
796 4724 948 4779 uniuersalis

155 4796 273 4859 concilii,
288 4795 357 4866 arrad
370 4792 594 4864 Comtantinopoli
609 4812 656 4867 per
670 4796 781 4866 primane
799 4810 880 4864 nuper
893 4797 948 4847 ela·

155 4881 234 4937 psam
247 4865 412 4920 indictionem
429 4875 513 4918 actrtnn
526 4875 574 4930 est,
590 4869 657 4938 {erle
669 4865 794 4929 annuebat,
809 4865 844 4917 ud
862 4863 948 4918 sentem

156 4936 340 5006 αροιιοιιοοοι,
359 4933 485 5007 mornado
499 4949 598 5006 semper
612 4939 708 5005 sactum
722 4945 770 4996 ert,
790 4935 876 4988 electis
895 4933 945 4987 ali·

154 5005 251 5078 asilus
267 5004 299 5061 tle
312 5007 376 5066 mis,
387 5006 429 5077 pri
444 5004 506 5059 aare
520 5013 545 5058 et
562 5007 616 5059 aeci
636 5022 678 5058 ere
692 5006 817 5059 rationem
837 5012 950 5072 possent,

155 5077 273 5147 dirigere
285 5076 438 5130 ιιιιιιιειιιιιι.
456 5071 522 5128 Eam
540 5022 671 5147 synoaiinm
693 5084 868 5145 susceperunt
882 5089 950 5143 spro-

155 5161 213 5218 qne
227 5143 351 5215 Pelagius
364 5143 386 5201 ll
401 5155 428 5199 et
441 5142 588 5213 Gregorius
605 5144 641 5200 ll.
664 5143 719 5216 (tib.
737 5160 754 5209 n,
769 5162 810 5215 ep.
826 5143 883 5209 ιι),
903 5142 952 5198 ilie

156 5231 225 5272 nero
248 5230 279 5271 se
304 5215 376 5269 illam
399 5214 486 5285 quinti
508 5215 615 5270 concilii
638 5215 746 5270 nornine
765 5213 872 5286 pariter
891 5228 952 5268 curn

156 5286 265 5341 ωιοιιι
286 5293 405 5356 quatuor
422 5285 547 5340 venerari
566 5284 708 5355 prolitetur
730 5286 757 5339 in
781 5283 895 5356 epistola
918 5283 951 5336 ad

155 5355 290 5411 ioannem
305 5353 371 5420 CR,
386 5362 416 5409 ut
430 5363 533 5410 taceam
550 5354 584 5410 de
602 5353 706 5410 ceteris
721 5357 833 5410 suminis
846 5354 953 5425 prorutitl-

156 5426 248 5486 cibus,
269 5432 298 5480 et
317 5425 351 5479 de
371 5433 455 5480 scstm
474 5425 569 5496 spondi
584 5422 720 5491 Patribus,
737 5427 782 5494 nul
797 5440 857 5479 carn
872 5440 953 5494 syuo-

156 5497 224 5550 dum
277 5495 331 5548 oali
345 5510 407 5550 cum
421 5496 528 5550 cetero
541 5496 614 5552 cultu
629 5504 656 5551 et
671 5496 820 5551 reverentia
836 5509 953 5578 excepe-

156 5573 232 5620 runt.
279 5578 350 5635 eque
373 5572 413 5621 est
437 5564 510 5634 quod
531 5565 627 5688 alipuis
644 5565 694 5621 sibi
712 5564 872 5636 persuadeat
887 5564 951 5618 vnis

156 5636 247 5692 anon
260 5636 320 5690 e‘as
334 5634 424 5690 sacnti
439 5648 549 5688 exosam
576 5636 655 5701 nisse,
670 5637 742 5705 quod
757 5633 815 5704 ejus
833 5636 950 5689 mentio-

156 5720 221 5760 nera
236 5721 272 5759 nu
286 5706 337 5759 lam
348 5705 442 5764 lecerit
455 5701 631 5760 Cassiodorus
646 5706 672 5760 in
687 5705 786 5760 bicinis
799 5705 951 5759 institutiu-

156 5775 249 5830 nibus.
265 5774 320 5829 is'ns
334 5776 407 5828 enim
421 5775 500 5828 aliam
517 5775 595 5839 bunius
613 5776 711 5831 silentii
733 5775 865 5830 rationem
888 5790 951 5830 mou·

157 5843 390 5916 inresdgabiunus.
405 5859 466 5913 quiae
480 5846 513 5898 ab
527 5846 585 5900 aliis
599 5862 631 5901 ex
646 5855 721 5917 parte
736 5846 849 5902 indicata
865 5854 915 5901 est.

301 5939 437 6002 Psaros.
455 5935 558 6003 LXlX

1001 3957 1112 4022 tiornenr,
1125 3972 1185 4026 noa
1198 3958 1249 4014 sibi
1264 3960 1343 4016 arusie
1357 3967 1385 4013 et
1397 3959 1512 4014 sollicite
1524 3959 1704 4028 perscrutanti
1715 3970 1791 4017 vete·

1000 4042 1061 4081 rum
1086 4026 1194 4081 Parrum
1218 4028 1270 4084 seri
1292 4038 1332 4091 ta,
1357 4029 1464 4084 omnm
1488 4025 1628 4084 affulserit.
1653 4027 1793 4087 Pertinere

1001 4107 1092 4152 autem
1117 4098 1156 4152 ait
1178 4097 1218 4151 ad·
1284 4099 1354 4152 oium
1378 4100 1458 4169 probi
1479 4109 1506 4154 et
1529 4099 1668 4169 prudentis
1689 4101 1792 4167 niri,a

1002 4167 1092 4236 priore
1106 4168 1239 4307 septupla
1253 4169 1406 4233 discedere,
1423 4177 1566 4240 postquam
1582 4169 1624 4224 rei
1636 4170 1791 4240 disceptata

999 4237 1115 4304 munitas
1128 4253 1188 4293 com

1002 4307 1067 4363 bere
1081 4306 1161 4362 docet
1173 4309 1199 4362 in
1210 4310 1401 4366 controuersiis
1414 4309 1618 4373 ecclesiasticis,
1634 4308 1714 4377 idque
1730 4327 1792 4380 pro·

1001 4378 1048 4432 bat
1062 4375 1157 4431 illustri
1178 4377 1250 4432 lneati
1272 4379 1409 4448 utrngnstini
1431 4380 1566 4449 exemplo,
1581 4381 1627 4450 qui
1641 4380 1793 4436 retractatis

1004 4447 1234 4502 lucubrationibus
1258 4449 1330 4514 suis,
1354 4451 1444 4518 atinus
1469 4450 1580 4515 adiecit,
1609 4450 1644 4504 eli
1666 4464 1699 4504 nna
1725 4465 1794 4506 rero

1002 4517 1166 4573 canendavlt.
1181 4516 1275 4573 lisdem
1287 4520 1407 4586 uestigiis
1421 4519 1505 4574 beret
1516 4465 1680 4587 Pelagimil
1697 4528 1727 4575 ut
1746 4521 1786 4577 de

1226 4246 1267 4292 rta
1280 4238 1361 4294 luerit
1378 4258 1385 4293 z
1405 4239 1479 4310 quod
1494 4239 1629 4310 precipue
1642 4240 1729 4295 locum
1744 4239 1789 4296 lua-

1003 4658 1146 4726 episeopos
1168 4657 1252 4712 larice
1274 4658 1345 4722 data,
1369 4674 1430 4729 qua
1447 4675 1462 4714 a
1480 4657 1611 4723 Gregorio
1661 4700 1668 4714 .
1694 4661 1795 4724 clnartis

1003 4726 1195 4784 ecelesiasticis
1206 4735 1270 4783 tuac
1288 4744 1397 4798 operam
1412 4729 1493 4784 dante
1507 4729 1557 4784 sub
1571 4728 1633 4784 Pela
1653 4732 1679 4786 io
1693 4732 1794 4801 scripta

1004 4805 1055 4861 est,
1071 4806 1140 4851 teste
1150 4795 1235 4853 Panlo
1249 4800 1362 4854 diacono
1376 4798 1432 4870 (inb.
1447 4816 1475 4856 ur
1487 4801 1518 4854 sle
1532 4799 1616 4856 Gerus
1667 4818 1682 4856 n
1701 4800 1792 4855 oberret.

1002 4883 1062 4937 cap.
1074 4866 1125 4932 203
1138 4867 1230 4938 Pelap.
1243 4867 1274 4925 ll
1286 4872 1361 4941 epist.
1374 4871 1409 4925 ud
1418 4872 1496 4941 episc.
1515 4868 1617 4936 istriae,
1630 4887 1654 4927 c.
1670 4819 1708 4941 ii.
1720 4869 1796 4939 obji-

1003 4938 1111 4992 ciebant
1122 4937 1204 4994 lstrirc
1217 4941 1335 5010 episcopi
1350 4939 1384 4996 ad
1399 4942 1600 4998 excusationem
1614 4942 1655 4997 sui
1665 4941 1795 4996 schisma-

1003 5007 1048 5074 tis,
1061 5007 1088 5062 in
1104 5023 1191 5063 causae
1205 5009 1339 5080 principie
1352 5011 1443 5066 sedern
1458 5013 1635 5081 apostolicam
1652 5026 1700 5082 per
1718 5009 1792 5078 Vigi-

1003 5077 1067 5132 lium
1079 5093 1174 5147 papam
1187 5078 1351 5135 dannnationi
1365 5081 1445 5136 trium
1459 5081 1637 5152 capitulorum
1653 5079 1792 5135 restitisse.

1004 5147 1159 5218 llespoudet
1178 5150 1308 5219 Pelagius,
1330 5150 1440 5206 Latinos
1456 5152 1580 5207 homines
1598 5159 1626 5206 et
1644 5150 1794 5205 Grauitatis

1003 5217 1113 5284 ignaros
1133 5233 1253 5274 errorem
1278 5222 1353 5276 taric
1377 5224 1551 5289 cognouisse;
1576 5232 1604 5275 et
1626 5219 1763 5288 subjungit
1786 5238 1793 5273 :

1005 5287 1088 5343 ‘santa
1098 5289 1135 5342 eis
1149 5288 1256 5343 celerius
1270 5291 1338 5344 crecti
1354 5291 1450 5358 debuit,
1465 5302 1561 5363 prmnto
1574 5307 1662 5345 earum
1673 5300 1795 5345 constan-

1005 5359 1051 5419 ιιιι,
1071 5375 1200 5429 quousque
1220 5376 1306 5416 rerum
1327 5371 1525 5430 cognoscerent,
1546 5377 1562 5414 a
1582 5361 1721 5414 certamine
1742 5376 1794 5414 nont

1004 5429 1096 5498 punierit
1119 5444 1128 5480 .·
1152 5446 1260 5501 purorum
1279 5447 1430 5486 contunsione
1450 5442 1518 5486 certe
1542 5432 1692 5502 fraternitas
1711 5441 1796 5485 restra

1004 5497 1158 5566 despiceret.
1170 5499 1194 5554 si
1207 5516 1273 5554 antra
1287 5502 1413 5570 precipiti
1432 5503 1581 5572 priusquam
1596 5517 1682 5557 rerum
1699 5518 1795 5571 capno·

1002 5578 1114 5628 ssereret,
1129 5571 1326 5624 cannsensissent.
1342 5571 1376 5623 dt
1386 5579 1519 5641 peripsam
1535 5571 1579 5625 din
1593 5572 1674 5628 abeis
1688 5570 1794 5627 laboru-

1003 5647 1058 5691 tnns
1070 5646 1123 5699 est,
1139 5647 1163 5691 et
1180 5640 1257 5711 leupo
1270 5648 1383 5710 tempore
1393 5640 1428 5693 aa
1441 5641 1553 5712 injurias
1631 5658 1645 5697 e
1659 5651 1806 5704 certatrrrnv

1004 5709 1063 5761 irinc
1078 5716 1160 5761 nestra
1177 5709 1327 5778 fraternitas
1338 5721 1437 5779 penset,
1452 5714 1513 5782 guia
1527 5722 1563 5767 tat
1576 5712 1601 5767 la
1619 5728 1677 5768 ores
1693 5718 1797 5782 repente

1005 5792 1057 5829 non
1073 5779 1254 5848 relirnquercnt‚
1270 5781 1320 5835 nisi
1330 5797 1388 5852 qnam
1401 5798 1464 5836 uera
1475 5792 1533 5837 sarit
1544 5783 1717 5856 aperuissent.
1729 5777 1794 5834 Pro·

1005 5847 1050 5904 bal
1066 5857 1155 5903 autern
1170 5848 1275 5906 duobus
1290 5851 1420 5923 esctunplis
1431 5868 1491 5909 oum
1506 5869 1565 5911 esse
1585 5854 1669 5910 divini
1688 5848 1792 5912 consilii

1536 5945 1556 6009 5
