4059 6184
203 151 256 209 8⁰8
840 132 1020 193 vouluttutt
1040 132 1141 190 ttuutt
1159 133 1215 190 xit.
1780 139 1835 199 ggg

204 279 342 335 uunquam
360 260 411 318 sibi
429 260 531 316 illatum
546 256 626 314 irrisse
642 260 796 324 suggerunt,
814 251 886 322 ouod
897 250 931 304 de
944 248 991 306 tali
1005 250 1030 310 Α
1044 248 1088 303 rix
1101 250 1185 318 possit
1198 249 1303 320 aliquos
1316 251 1447 322 cophinos
1461 250 1496 309 de
1508 268 1612 310 summa
1623 254 1746 312 ubertate
1758 273 1832 314 cour-

203 358 306 416 scelere
328 367 425 409 ruanns
448 350 536 419 impiae
556 345 791 402 defraudaverunt.
813 339 882 409 Quid
904 339 991 396 adbuc
1044 337 1128 407 plere.
1145 338 1174 394 ln
1195 339 1282 396 bortis
1303 349 1394 397 autem
1416 343 1577 400 rusticorum
1599 359 1695 416 agmen
1720 348 1836 406 babetm

206 447 326 510 ntirrime,
347 442 460 499 audacia
484 441 611 505 humanu,
625 437 751 501 tentabis,
766 434 790 491 si
813 441 841 489 et
862 431 898 487 ibi
923 429 993 485 toro
1044 443 1199 498 operosum,
1212 432 1276 501 quia
1290 432 1350 489 olus
1364 432 1418 489 illie
1431 449 1512 490 omne
1525 451 1652 505 sapor-our
1671 444 1713 493 oct
1731 439 1835 494 marin,

205 537 332 610 porrigis,
347 533 390 588 ubi
407 542 433 586 te
454 529 564 584 minime
585 526 671 582 latere
692 540 771 596 posse
785 521 943 593 cognoscis?
958 516 994 574 ut
1044 519 1205 576 irroratione
1225 537 1386 592 respersum.
1403 522 1480 591 Quod
1499 525 1614 581 lruruaua
1633 526 1763 583 industria
1777 528 1835 586 lieri

206 627 302 682 illudas
322 623 407 678 oculis
430 621 543 675 lortasse
565 616 731 679 mortalibus,
751 613 873 683 quantivis
891 611 994 682 iniqua,
1044 614 1193 678 cousuevit,
1210 614 1262 670 lroe
1277 630 1338 671 eum
1364 617 1512 672 nutriretur
1533 619 1647 688 accepit.
1662 618 1762 675 Contra
1776 619 1835 676 lta,

206 725 296 769 tnnrcn
320 711 407 781 aliqua
428 708 533 763 ridetur
546 703 718 775 praesumptio
732 719 739 754 ι
751 707 849 770 quinutu
864 713 929 769 ergo
943 713 995 752 eu-
1044 702 1118 756 ruois
1133 711 1222 758 autern
1238 704 1397 760 seutentiam
1412 706 1564 776 intyborum
1581 709 1635 764 illic
1650 707 1722 764 librre
1735 709 1837 767 dulcis.

204 805 288 858 citate
311 799 463 861 damnator,
488 795 585 865 quise
609 793 724 846 aestimat
745 795 901 859 perpetrare
923 784 996 856 qtrod
1044 792 1120 846 ⁸111,ae
1142 800 1214 860 sum,
1238 808 1300 863 Μ
1319 796 1470 865 minem,
1490 795 1562 854 roms
1586 798 1712 853 tortuosis
1734 799 1836 857 mum

205 895 336 951 Divinitas
349 908 403 948 non
416 891 501 963 possit
514 885 670 945 adverteret
686 883 741 941 Sed
761 901 797 939 ue
817 884 910 939 similis
924 883 995 938 ulte-
1046 884 1226 941 teneritudine
1248 886 1445 955 conglobantur
1469 905 1476 942 :
1500 890 1570 943 onje
1593 889 1620 943 g„
1646 904 1749 946 mom„
1771 892 1836 947 „iffi

204 990 261 1044 rius
275 993 410 1056 grassetur
424 981 492 1038 forte
506 975 878 1051 praesumptuosissimus
892 973 996 1046 patien·
1046 974 1116 1042 ide,
1138 973 1211 1048 vitri}
1229 976 1330 1046 aliquid
1350 977 1507 1049 decerptum
1530 980 1670 1051 frangitur,
1686 981 1782 1040 duma
1798 984 1837 1040 te·

206 1081 271 1136 tiam
296 1075 423 1147 frequens
445 1085 594 1143 provocare
620 1068 704 1141 possit
729 1082 865 1130 excessus,
888 1063 996 1121 edictali
1045 1066 1133 1123 eundo
1156 1071 1259 1140 cespite
1281 1081 1449 1141 segregatur.
1476 1072 1524 1132 llis
1546 1075 1722 1141 victualibus,
1746 1079 1770 1135 si
1796 1081 1838 1136 cto

203 1176 405 1242 programmate
417 1163 568 1222 destruimus,
586 1169 616 1215 ut
626 1159 672 1229 qui
686 1159 714 1214 in
728 1157 781 1214 bae
794 1156 873 1212 luerit
885 1155 996 1212 ulterius
1046 1172 1138 1228 nosse,
1152 1160 1227 1229 regio
1241 1161 1285 1216 illa
1300 1160 1412 1218 secunda
1428 1172 1483 1228 est;
1497 1178 1557 1220 nam
1571 1174 1599 1220 et
1612 1166 1722 1221 marinis
1732 1167 1838 1224 deuictus

202 1261 301 1320 lraode
313 1269 445 1323 versatus,
461 1266 489 1313 et
509 1256 603 1312 militia
626 1259 737 1315 careat,
757 1259 786 1308 et
808 1247 996 1319 compendium
1046 1252 1156 1320 copiosa
1176 1250 1344 1321 iucunditate
1358 1254 1512 1324 perfruitur,
1526 1256 1589 1326 quia
1603 1257 1640 1313 ibi
1654 1273 1730 1314 mare
1743 1275 1839 1329 super»

203 1353 321 1427 prnpriae
335 1349 471 1409 facultatis
490 1348 605 1405 amittat.
620 1345 751 1402 Graviore
770 1343 900 1412 siquidem
916 1353 995 1410 prena
1047 1356 1110 1397 uum
1126 1357 1158 1407 ac
1176 1341 1320 1408 ioiernuru,
1334 1345 1441 1401 insertis
1456 1345 1588 1402 frontibus
1600 1350 1757 1418 adunatum,
1770 1352 1839 1407 delt-

203 1441 477 1519 plectendusesjtqui
491 1438 622 1510 usquead
638 1437 764 1507 iujuriam
781 1435 898 1491 diuinum
919 1447 995 1487 suam
1047 1434 1103 1493 cias
1116 1436 1255 1505 utriusque
1269 1436 1354 1506 pelagi
1370 1438 1396 1493 iu
1412 1453 1490 1493 unam
1508 1442 1743 1509 congregationem
1763 1444 1840 1498 sinunt

204 1535 381 1592 nihilominus
405 1531 518 1588 tetendit
540 1529 689 1585 audaciam.
719 1526 840 1582 liabeaut
865 1538 997 1594 pauperos
1048 1524 1089 1578 sui
1104 1524 1270 1579 volubilitate
1291 1525 1423 1595 perducit.
1447 1526 1562 1582 Necesse
1584 1537 1626 1584 est
1648 1530 1720 1585 enim
1738 1530 1793 1587 illie
1811 1540 1840 1586 et

204 1626 279 1682 dona
300 1622 483 1693 regnantiuur;
503 1619 658 1691 possideant
679 1614 790 1685 aliquid,
808 1613 905 1683 ortibus
924 1612 996 1668 oolla
1014 1603 1135 1681 Bpisees
1154 1628 1312 1683 properare,
1334 1614 1378 1669 ubi
1397 1624 1503 1670 mustat
1522 1625 1551 1672 et
1571 1617 1670 1673 undam
1689 1634 1769 1689 posse
1789 1621 1841 1675 de-

205 1714 384 1773 tamlnsest.
406 1713 461 1768 Cur
478 1710 564 1766 aliena
585 1706 734 1764 substantia
756 1705 782 1760 in
805 1703 887 1773 regali
910 1703 997 1773 posita
1049 1700 1142 1759 tinere.
1168 1703 1343 1760 Erurmistou
1369 1707 1384 1737 ⁸
1407 1721 1515 1779 quoque
1536 1709 1608 1765 iuter
1630 1710 1717 1780 pisces
1738 1713 1841 1781 region„

204 1806 332 1876 largitate
345 1802 519 1875 pervaditurl
530 1799 669 1856 Possessio
683 1797 741 1868 ejus
754 1791 882 1867 principis
902 1807 998 1847 munos
1049 1807 1144 1863 genos,
1160 1809 1270 1866 compar
1283 1797 1404 1852 murenis
1427 1814 1543 1869 corpore
1554 1801 1597 1856 vel
1616 1802 1707 1858 colore
1727 1802 1841 1871 distans,

205 1904 259 1953 est.
275 1893 504 1963 Quemadmodum
519 1897 665 1963 praesumat
687 1888 823 1957 subjectus
841 1886 999 1954 contingere
1050 1885 1159 1939 naribus
1171 1887 1279 1956 setosis,
1294 1886 1427 1945 colostrea
1445 1890 1558 1947 delicata
1574 1895 1753 1951 teneritudine
1772 1912 1842 1968 praa·

204 1984 279 2055 qnod
302 1982 359 2039 Deo
380 1981 490 2052 respicit
511 1976 689 2035 bumilitatem
708 1974 870 2031 dominantis
884 1972 999 2028 olierret
1049 1975 1144 2044 ditum,
1158 1977 1251 2033 oleoso
1270 1993 1304 2034 ae
1326 1981 1402 2036 suari
1424 1982 1528 2052 liquore
1541 1984 1722 2055 coagulatum,
1735 1988 1841 2059 appert-

205 2073 322 2129 Additur
336 2072 407 2143 quod
432 2069 529 2125 talibus
552 2084 607 2125 uno
627 2068 702 2133 dare,
723 2066 816 2122 tulisse
831 2073 887 2132 cst;
902 2073 929 2119 et
942 2078 999 2117 me-
1049 2065 1110 2120 bilis
1127 2075 1257 2136 grataqm
1279 2068 1423 2139 pinguedo,
1443 2084 1504 2124 eum
1525 2072 1628 2141 spumis
1649 2072 1841 2132 fluctuantibus

204 2164 273 2232 rito,
291 2161 399 2234 qrraudo
417 2160 463 2230 qui
486 2167 576 2231 potest
595 2157 775 2214 esurientibus
797 2154 952 2216 subuenire,
975 2151 998 2206 si
1050 2158 1121 2214 inter
1135 2160 1207 2215 aeris
1218 2160 1335 2215 confinia
1348 2162 1461 2231 πρωί,
1470 2171 1592 2228 ΘΗΜ,
1603 2166 1689 2220 nesci,
1699 2166 1732 2220 ad
1744 2168 1841 2222 cubula

205 2272 262 2313 nou
284 2256 380 2326 pascit,
402 2252 557 2322 exstinguit.
581 2249 683 2306 Pudeat
705 2247 758 2303 illis
781 2245 885 2308 tollere,
902 2241 1000 2312 quibus
1050 2250 1138 2306 redire
1149 2266 1209 2321 quae
1220 2251 1444 2319 deserittcrcdo,
1456 2259 1504 2308 aut
1516 2253 1659 2310 immemor
1668 2256 1840 2322 reversionis,

201 2345 332 2419 jubemur
350 2345 458 2401 olierre.
475 2340 549 2398 Ultra
572 2354 666 2397 omues
689 2336 862 2393 crudelitates
876 2342 917 2387 est
930 2330 998 2387 diri·
1051 2349 1107 2408 θυι,
1123 2342 1304 2398 wnefpgudgne
1316 2359 1420 2399 summa
1438 2344 1568 2414 monitus,
1584 2346 1678 2417 nequit
1692 2347 1769 2402 undis
1783 2347 1841 2402 ele·

206 2450 263 2496 ¹⁰¹⁰
276 2438 346 2493 “³¹¹0
360 2437 417 2492 fleti
430 2436 464 2491 ‘¹⁰
476 2433 621 2503 θῐῑίΰῑῑθῑθ
632 2429 757 2488 mendici·
773 2427 902 2490 sinentur
915 2426 999 2481 boue·
1050 2433 1176 2490 rantibus
1198 2434 1335 2490 contraria
1357 2435 1540 2493 obluctatione
1562 2438 1734 2507 demergere;
1758 2437 1842 2494 icrtrrr

205 2539 250 2586 sta
263 2527 350 2592 lucra,
371 2528 533 2584 horreantur
554 2524 682 2580 damnosa
703 2517 861 2592 compendia
884 2536 891 2571 :
912 2517 1000 2573 nultos
1051 2522 1126 2578 reiut
1138 2537 1236 2593 eorpus
1246 2524 1379 2591 exanime,
1393 2526 1473 2582 nullis
1485 2527 1587 2583 nisibus
1598 2527 1757 2598 periculum,
1769 2531 1842 2584 uultu

205 2619 308 2675 audeat
325 2617 386 2674 inde
401 2617 496 2674 tollere
509 2616 582 2688 quod
600 2614 684 2686 possit
706 2613 820 2669 collecta
834 2610 998 2681 dispergere.
1052 2620 1111 2668 arte
1125 2612 1265 2681 devitaos;
1279 2622 1308 2670 et
1324 2614 1389 2671 ltine
1402 2615 1503 2671 viribus
1515 2615 1670 2685 destitutus,
1686 2617 1774 2672 redire
1789 2633 1842 2671 noo

206 2709 340 2766 addendo
355 2708 452 2781 perdit,
465 2707 511 2778 qui
525 2704 664 2761 retinendo
678 2702 830 2772 collegerim
845 2710 873 2756 et
886 2712 1002 2770 paoper-
1051 2705 1181 2772 creditur,
1193 2707 1255 2777 quja
1270 2721 1321 2764 ,κο
1340 2706 1432 2777 mgeoe
1450 2723 1531 2778 posse
1548 2711 1673 2765 gemitur·
1696 2708 1746 2764 mc
1764 2710 1844 2780 plane

207 2809 293 2856 ΜΠ
317 2800 407 2871 ll⁰²ius
428 2798 462 2855 ad
481 2813 512 2856 ὅθ
534 2796 626 2874 “illlis
645 2795 668 2853 Si
690 2794 852 2863 &diffluum
875 2789 1001 2864 decutiat
1053 2806 1133 2853 tanta
1145 2797 1293 2854 dulcedinis
1304 2813 1365 2854 esse
1377 2796 1550 2869 dignoscitur,
1566 2808 1595 2854 ut
1607 2801 1632 2854 ei
1641 2814 1721 2855 uento
1730 2795 1847 2870 piscinnr'

208 2907 266 2947 nou
285 2891 399 2962 repellit.
1052 2897 1234 2959 comparetur.
1249 2888 1313 2945 liter
1326 2897 1390 2944 suut
1404 2890 1430 2943 in
1449 2888 1541 2944 littore
1565 2887 1686 2959 Rhegiuo
1700 2903 1760 2958 quau
1774 2891 1844 2945 ‹tisi-

416 3057 417 3062 ,
476 3020 644 3077 Εριὸγοω
661 3019 731 3074 xlv·
1013 2967 1125 3045 Catum
1138 2979 1211 3049 qood
1235 2995 1290 3036 nou
1310 2979 1364 3036 alin
1384 2979 1517 3036 referente
1535 2981 1720 3049 cogitavimus,
1735 2981 1785 3035 ersi
1801 2984 1841 3036 pi.

205 3129 353 3173 mum
367 3129 549 3171 mmmm
564 3127 683 3167 wem
698 3126 732 3164 ΕΤ
748 3121 900 3163 mmm
918 3122 1000 3163 sm·
1051 3071 1118 3125 suali
1136 3071 1295 3140 probatione
1311 3071 1465 3126 retinemus.
1482 3070 1651 3143 Quapropter
1669 3070 1746 3127 laridi
1760 3079 1844 3142 atque

406 3200 457 3242 ,012
473 3197 632 3238 ,summus
646 3195 794 3236 mmm.
1053 3162 1133 3217 tritici
1148 3160 1263 3232 species,
1275 3161 1356 3218 trullis
1368 3162 1533 3233 temporibus
1545 3164 1723 3234 coemptionis
1734 3166 1844 3220 nonnius

207 3296 340 3352 „mm
361 3294 529 3366 mmm
542 3292 682 3363 “fiam
698 3299 722 3344 e,
736 3290 851 3355 mmm
865 3290 1001 3358 quomam
1052 3253 1114 3310 iude
1137 3253 1307 3310 deceruimus
1331 3255 1470 3323 postulari,
1491 3254 1553 3325 quia
1577 3255 1657 3311 nimis
1677 3256 1844 3311 calumniose

246 3366 360 3424 inridm
384 3373 409 3418 et
435 3364 546 3417 triticum
572 3360 605 3415 ob
631 3378 662 3414 en
688 3359 808 3430 deinceps
835 3360 1001 3429 corruptione
1051 3347 1162 3419 Ρθῑίῑῦι,
1186 3346 1257 3418 ΨΜ
1282 3345 1334 3402 10οῑ
1357 3345 1489 3402 benefic&
1513 3362 1568 3402 ¹¹⁰n
1592 3346 1715 3402 babilli&
1741 3346 1845 3401 Deinde

247 3437 350 3492 ’wmff’ffl
364 3434 537 3506 P⁰⁸¹¹⁴¹⁶l¹“'·
1052 3439 1176 3497 sufficere
1189 3440 1271 3495 debet
1284 3436 1407 3495 defensio
1419 3439 1540 3493 veritatis
1554 3446 1582 3492 et
1596 3438 1778 3493 testimonium
1799 3438 1844 3507 ju·

249 3548 413 3617 ltuegtcoses
426 3546 509 3610 ures,
521 3543 607 3599 ultimi
621 3540 784 3607 Brittiorum,
797 3556 866 3612 quos
879 3556 894 3596 a
905 3540 1003 3597 sicitiae
1052 3531 1128 3595 dicis,
1142 3529 1290 3599 unianimis
1299 3528 1465 3584 exsecrabile
1477 3528 1576 3584 nralum
1587 3535 1638 3592 est,
1652 3529 1685 3594 si,
1699 3543 1759 3582 eum
1771 3528 1844 3583 aliud

209 3655 327 3711 eorpore
341 3637 449 3693 violenti
463 3633 598 3707 quondam
615 3632 697 3690 maris
710 3632 828 3701 impetus
841 3631 1001 3700 segregavit,
1053 3622 1159 3677 noterit
1175 3620 1351 3685 couscientia,
1366 3619 1439 3674 aliud
1462 3619 1550 3689 lingua
1571 3618 1708 3674 decernas
1729 3619 1844 3674 Additur

211 3729 287 3787 moe
305 3729 398 3784 ciuitas
415 3741 509 3783 corum
523 3738 621 3780 nomon
636 3723 740 3794 acceptu
754 3722 943 3791 (otiotstoontm
955 3724 1002 3796 ῥή.
1052 3710 1216 3781 etiamquotl
1228 3711 1310 3765 tantis
1319 3710 1527 3766 commeantium
1539 3707 1663 3778 tattgnor
1673 3708 1843 3775 adceottuos,

210 3842 268 3898 yos
289 3818 381 3875 Graeca
403 3817 493 3888 lingua
517 3814 673 3884 vocintnrt,
697 3812 787 3883 iniqua
809 3820 954 3882 suggerunt
972 3828 1003 3869 se
1053 3812 1127 3860 tanta
1145 3803 1345 3859 excurrentium
1366 3801 1528 3857 laceratione
1542 3800 1687 3868 deteritur,
1715 3809 1745 3856 ut
1761 3800 1845 3855 ratio·
1911 3849 1926 3864 „

211 3920 369 3970 euctoruru
393 3909 600 3982 praesumptione
621 3908 726 3976 fatigari
741 3906 935 3977 :implorantes
949 3922 1002 3962 uon
1053 3898 1178 3955 nabiliter
1196 3896 1234 3951 iili
1253 3894 1353 3950 remitti
1366 3892 1513 3960 debuisset,
1529 3891 1572 3948 rel
1583 3892 1656 3962 qnod
1669 3890 1740 3963 apud
1760 3893 1845 3963 ipsam

212 4002 331 4068 aunum,
346 3999 547 4056 sedoculorum
561 4006 714 4055 nostrorum
734 4005 798 4052 uota
815 3996 944 4061 remedia,
956 3996 1003 4064 qui
1054 3989 1128 4045 nasci
1141 4002 1221 4059 posse
1234 3985 1333 4061 ilicet,
1349 3984 1419 4056 cuj,
1435 3982 1511 4052 Nin,
1526 3981 1590 4052 Gn,
1604 3998 1659 4039 tran
1676 3981 1766 4053 pessel
1781 3998 1846 4039 cau⁴

213 4106 358 4162 pmumus
371 4091 440 4146 scire
455 4087 620 4144 territorium
636 4101 730 4142 eorum
744 4085 816 4156 quod
834 4086 936 4157 petitur
948 4100 1003 4141 nou
1053 4090 1148 4137 secret.

213 4181 326 4237 larbere.
344 4177 391 4236 Est
412 4179 483 4235 ennu
506 4177 640 4234 montanis
660 4175 757 4246 lapillis
771 4183 841 4231 terra
855 4175 1003 4243 rarissima,
1367 4210 1532 4266 mmm
1551 4209 1597 4264 xv

213 4267 292 4326 arida
313 4268 432 4341 pascub,
446 4267 493 4323 sed
508 4266 611 4323 undosa
625 4265 781 4331 vindemiis;
799 4265 935 4333 segetibus
953 4265 1002 4320 ad·
1195 4323 1225 4342 ,ῃ
1271 4215 1374 4344 ιθὸε
1405 4317 1422 4356 0
1513 4248 1642 4354 cw‘m
1664 4314 1758 4353 wem

213 4373 304 4422 uersa,
323 4358 371 4414 sed
394 4357 471 4414 olitis
493 4355 666 4413 accommoda
682 4363 733 4411 :et
752 4355 814 4411 ideo
827 4356 931 4411 cultura
944 4356 1003 4426 ejus
1017 4326 1043 4385 D
1055 4316 1784 4444 'uffissussssssugefsssssgssg‘,fflsscwsnmngof
1811 4317 1846 4356 ῃ

213 4449 304 4506 Μὴ
322 4450 351 4505 itt
370 4448 482 4504 mcum
504 4456 555 4513 ω’
570 4445 633 4518 qnia
652 4445 808 4516 mmmm
829 4445 912 4515 imus
931 4446 1002 4503 Sim
1054 4488 1281 4547 Drscrib'torberrt
1296 4485 1452 4557 Sepilnciuor
1466 4481 1578 4552 patrium
1599 4498 1686 4547 meat,
1702 4490 1727 4535 et
1748 4481 1847 4537 sicario

213 4541 319 4597 Μῑῑὶῐθ
343 4556 396 4596 '¹⁰¹¹
418 4540 490 4596 '²¹⁰¹
513 4552 630 4610 sulem
652 4538 798 4594 ”memia-
817 4537 1003 4608 Telssmflflss
1090 4578 1147 4633 qnoe
1157 4559 1287 4629 adportent
1297 4554 1389 4610 ilorcii
1399 4553 1493 4606 utentis
1503 4551 1638 4621 effoderat.
1652 4549 1717 4605 Trou
1726 4553 1846 4623 madum

214 4629 533 4703 agernudus,iudustria
552 4628 739 4698 potiusquam
763 4634 858 4681 natura
879 4627 1001 4683 vestitur.
1089 4634 1122 4685 cte
1145 4629 1324 4701 paraveredis,
1358 4624 1470 4678 erroonir
1493 4633 1518 4677 et
1543 4623 1707 4693 patueratier'r
1725 4623 1845 4695 judicent

215 4721 283 4778 maro
298 4719 423 4775 Palladiae
437 4719 510 4774 silvae
523 4716 657 4774 viriditate
670 4715 832 4784 contegitur,
843 4715 888 4785 qui
904 4717 930 4770 iu
944 4716 1003 4770 solo
1090 4703 1177 4757 editi!-
1814 4781 1820 4793 .

214 4812 383 4868 aridissimus
395 4811 568 4883 approbator.
582 4807 692 4864 Talibus
706 4809 777 4863 euim
798 4809 867 4865 locis
880 4808 924 4864 illa
939 4823 1004 4878 pro-
1064 4803 1068 4810 '
1090 4794 1250 4869 scyllacium
1262 4790 1348 4861 prima
1361 4787 1465 4843 urbium
1479 4784 1742 4852 Brutiomm,qna1n
1757 4782 1846 4850 Trous

216 4904 319 4969 tuoto
334 4919 393 4974 quae
414 4900 549 4957 radicibus
570 4899 690 4970 proceris
712 4898 746 4952 ad
771 4898 843 4953 immi
867 4900 1005 4968 penetrato
1055 4888 1206 4944 destruetor
1214 4874 1612 4954 Ulyssescrediturcondidirse,
1624 4872 1847 4928 irrationabiliter

214 4992 509 5062 descendunt.Segetes
520 4990 801 5060 rigoutrrr,utriraut;
814 4998 841 5043 et
851 4990 1006 5048 conditione
1056 4981 1154 5035 dicitur
1167 4971 1384 5047 praesumentium
1399 4969 1536 5024 oirnietate
1557 4964 1660 5029 reram,
1680 4964 1752 5034 oood
1767 4965 1846 5020 nobis

215 5093 319 5139 mutata
339 5082 392 5138 boe
409 5082 498 5137 aristis
511 5079 684 5150 impenditur,
700 5078 772 5146 qrrod
792 5077 908 5132 oleribus
927 5079 1005 5136 eulut-
1056 5065 1259 5143 praoeidentibus
1271 5079 1325 5119 nou
1336 5061 1498 5131 oportuisset
1513 5056 1611 5111 assumi
1622 5073 1629 5109 :
1642 5055 1704 5126 quia
1720 5056 1848 5112 laesiones

216 5174 306 5229 betur.
321 5171 426 5239 eranta
445 5183 523 5241 seges
540 5180 593 5238 est,
609 5183 670 5240 qum
687 5182 768 5221 mauu
788 5166 921 5235 colligitur
933 5166 1003 5240 lle,
1057 5161 1116 5229 eius
1137 5157 1257 5224 cogimur
1271 5154 1330 5224 plus
1349 5151 1451 5213 dolere,
1470 5148 1532 5202 dum
1554 5147 1694 5216 patriotica
1713 5160 1764 5201 uos
1781 5162 1846 5215 pro·

217 5259 343 5333 coliturli
358 5260 429 5316 ituro
444 5261 498 5316 illic
515 5259 549 5315 ab
567 5273 629 5314 area
648 5256 722 5312 veuit
741 5257 860 5311 humeris
878 5265 1005 5326 gravatus
1057 5253 1136 5307 batur
1159 5248 1301 5304 allectione
1323 5242 1490 5309 contingere.
1523 5238 1624 5293 Ciuitas
1646 5252 1728 5306 supra
1755 5237 1846 5292 sinum

217 5351 348 5421 agricola,
368 5360 398 5410 ut
417 5366 471 5406 uon
496 5364 596 5405 inesses
609 5350 636 5402 iu
650 5347 755 5403 lrorreis
774 5347 942 5417 colligantur,
957 5348 1005 5403 sed
1058 5340 1223 5400 adriaticum
1236 5333 1393 5398 constituta,
1417 5331 1444 5386 in
1466 5327 1574 5383 modum
1594 5326 1733 5397 botryonis
1747 5326 1847 5397 pendet

256 5495 269 5524 ⁸
290 5484 338 5540 list
358 5484 440 5556 piscis
462 5497 546 5552 genus
565 5485 601 5538 ita
615 5499 630 5538 a
644 5482 743 5541 Grrccis
757 5484 866 5553 illisqui
882 5485 1002 5539 uitiruarn
1056 5481 1127 5554 quod
1149 5479 1249 5536 dicitur
1269 5473 1376 5544 proprie
1389 5470 1423 5525 de
1437 5468 1495 5524 uari
1517 5466 1628 5550 sublatis
1651 5464 1791 5529 anchoris,
1815 5471 1845 5519 et

217 5571 295 5615 oram
318 5552 427 5610 Gracia
447 5553 474 5608 in
496 5552 569 5608 ltalia
596 5554 753 5608 auctitabant
776 5564 913 5616 roratum,
940 5555 1001 5622 ouria
1056 5560 1161 5613 contra,
1177 5563 1239 5609 com
1253 5553 1294 5601 est
1307 5541 1415 5599 lundata
1426 5539 1562 5606 anchoris,
1574 5536 1672 5594 dicutur
1686 5535 1841 5611 ippotae—ao.

219 5624 331 5684 landum
344 5625 425 5682 rumis
438 5624 563 5682 descrere
575 5624 640 5682 solet
652 5664 661 5692 ,
674 5634 702 5681 ut
717 5626 742 5680 io
755 5640 888 5682 summum
902 5635 1002 5690 enatet,
1058 5623 1149 5679 ltnoss.
