4059 6184
159 335 211 392 34)
645 340 746 398 LlBEll
764 342 961 412 QUERULUS.
980 344 1070 405 PARS
1086 347 1120 405 lt.
1140 345 1318 408 aristote.
1742 367 1796 425 biid

157 464 218 506 suun
230 457 350 507 montem
361 449 495 511 scelerum
502 463 707 525 exaggerantes
718 456 745 512 in
758 456 824 513 sede
834 456 948 513 arbitra·
963 461 987 520 Α
1000 460 1070 515 colse
1084 458 1225 516 erundum
1238 461 1393 533 prophetans
1407 466 1510 524 uincula
1527 467 1587 529 colb·
1611 470 1658 540 tsi,
1678 473 1718 547 fila·
1729 475 1795 535 sios.

158 541 212 598 turi
225 550 239 580 ¹
250 542 386 609 sedentes,
401 543 449 601 sed
462 560 526 602 raro
545 547 613 604 recti
628 545 723 616 judicii
745 542 865 618 requiam
878 562 951 619 quac·
1003 548 1071 621 (leo.
1080 566 1125 618 ιιι,
1137 550 1263 622 2).)ὶιιι,
1275 566 1351 621 rogo,
1360 567 1376 609 e
1386 552 1539 625 longinquis
1548 558 1611 616 licet
1620 574 1796 633 peccatorum

156 643 265 698 rentes;
279 632 405 690 innoxios
416 633 588 709 humilesque
600 638 795 710 despicientem
806 639 950 709 sanguina·
1000 643 1151 700 recessdrus
1161 643 1195 700 ad
1210 645 1358 716 piissimum
1371 656 1488 719 patrem,
1503 653 1550 721 qni
1563 653 1720 727 despicienti
1733 680 1797 736 por.

155 724 224 794 rios,
234 724 375 794 superbos,
390 726 547 797 parricidas,
556 728 822 801 commanipularesb
834 739 862 786 et
875 731 952 787 adul·
1000 750 1094 792 corum
1116 734 1239 793 sordidos
1260 737 1336 794 cibos
1362 754 1394 795 ac
1417 743 1618 812 pertimescenti
1637 749 1702 807 dirae
1716 754 1796 815 lamis

155 823 231 873 raros
244 814 291 871 oei
303 816 438 883 inimicos,
452 817 476 873 st
493 834 553 875 sors
567 815 609 892 (ut
622 820 733 892 dicitur)
747 821 849 889 tulerit.
863 822 949 893 tqui⁶
1000 839 1117 888 mortem
1132 838 1161 888 er
1173 833 1321 888 revertenti
1347 833 1409 901 siut,
1425 834 1503 894 larus
1516 814 1641 898 occidere
1654 848 1796 907 coruscet-ir

153 920 218 964 eum
233 906 292 977 ipso
309 909 421 964 nomine
435 908 583 966 certatim‘¹
597 909 703 968 delendi
717 913 806 983 erant)
817 914 851 970 ad
862 915 951 971 sidera
998 921 1107 978 situlam
1131 919 1186 978 blio
1197 924 1356 995 sapismvm,
1371 932 1399 980 et
1423 925 1547 996 prolerre
1560 932 1671 1000 ριιιιιιι
1692 939 1795 996 erranti

154 1004 238 1069 prout
247 1005 371 1069 possunt,
392 997 550 1065 efferentem
565 1001 672 1058 vinctos
686 1000 776 1072 plures
793 1004 821 1060 in
831 1004 950 1060 carceri·
999 1012 1094 1068 stolam
1108 1019 1136 1069 et
1146 1012 1249 1082 replum
1260 1015 1386 1071 annulum
1401 1014 1477 1088 (Lae.
1493 1033 1537 1084 xv,
1551 1018 1607 1090 lii);
1621 1030 1649 1078 et
1663 1028 1794 1100 tuocspei

152 1088 567 1163 bushabentes,quosdulosui
582 1093 672 1164 potins
685 1108 766 1164 quarn
776 1095 950 1167 meritopro·
999 1102 1119 1158 cmlestis
1133 1117 1165 1158 ac
1191 1102 1215 1158 si
1238 1118 1363 1174 saporem
1387 1114 1567 1176 pregustans,
1593 1112 1694 1170 senties
1716 1134 1794 1190 quani

153 1187 248 1236 ιιιιιι
264 1190 289 1251 ·,
308 1182 413 1239 catenis
426 1191 595 1245 onerantes:
617 1184 688 1241 inter
701 1185 948 1257 atenajuraudot
999 1193 1085 1248 moris
1099 1201 1137 1247 est
1159 1190 1286 1248 Dominus
1307 1192 1393 1265 (Psoi.
1415 1211 1518 1264 xxxin,
1540 1197 1580 1271 9).
1603 1200 1670 1259 Nam
1691 1206 1715 1262 si
1736 1208 1794 1273 haec

151 1268 339 1339 demorantes,
352 1272 557 1330 etheceadem
572 1289 605 1331 ac
614 1275 637 1331 si
648 1275 779 1333 lutulenta
794 1278 875 1350 paolo
889 1288 951 1355 post
1000 1288 1217 1359 contempseris,
1242 1289 1313 1345 scias
1345 1299 1372 1345 te
1406 1291 1635 1355 inextricabilibus
1668 1302 1793 1363 tenebro-

151 1378 221 1420 saxa
235 1373 249 1413 t
263 1364 454 1437 despicientes.
470 1364 554 1436 Cujus
566 1375 622 1423 ιιιι
636 1366 744 1425 nefandi
768 1369 869 1442 piaculi
895 1389 949 1430 non
999 1379 1092 1449 sisque
1116 1378 1216 1449 ignium
1244 1381 1409 1439 torrentibus
1432 1383 1488 1454 jam
1510 1385 1619 1461 jamque
1649 1393 1793 1452 rotandum

151 1453 265 1524 ignarus
278 1463 320 1509 est
332 1454 477 1511 immunde
489 1455 581 1513 lectam
593 1456 748 1516 liamnomae
761 1461 771 1494 ¹
794 1463 951 1536 tyrannicus
1001 1469 1198 1541 urendumque.

151 1544 263 1600 miultis
276 1542 481 1602 Constantinus.
999 1596 1003 1609 .
1035 1560 1100 1618 Car.
1114 1577 1141 1618 n.
1160 1559 1310 1634 lncrepatio
1323 1565 1349 1620 ia
1359 1566 1578 1625 Aureliam-b.
1599 1569 1668 1641 Quid
1681 1585 1709 1631 tu
1722 1592 1792 1649 quo·

189 1638 218 1694 2
245 1638 303 1696 lloc
322 1654 395 1696 anno
410 1645 473 1712 post
492 1641 622 1700 horribile
633 1644 781 1716 iuramenti
794 1662 950 1704 sacramen·
999 1666 1063 1722 que,
1074 1659 1105 1707 ut
1117 1653 1248 1724 propbeta
1263 1654 1302 1710 ait
1323 1654 1410 1726 (Psoi.
1431 1673 1486 1726 xvv,
1501 1658 1557 1730 lb),
1568 1662 1657 1723 catule
1674 1663 1792 1736 leonine,

150 1738 223 1801 tum,
237 1745 292 1803 quo
306 1747 336 1788 se
349 1726 471 1788 devinxit
484 1749 655 1806 nequaquam
670 1737 749 1793 dolos
762 1739 867 1796 civibus
880 1741 948 1811 (beo
1000 1741 1093 1799 buieli
1106 1743 1216 1799 conane
1227 1741 1253 1810 ¹²,
1269 1745 1350 1815 aglsl
1364 1745 1459 1806 Nonne
1483 1749 1579 1807 mdem
1592 1767 1647 1824 quo
1670 1757 1792 1827 supradi-

148 1823 270 1894 primum
278 1822 393 1895 jureque
404 1824 531 1895 iurando,
546 1835 704 1884 sanctorum
723 1831 832 1889 demum
856 1832 947 1889 choris
961 1831 985 1894 B
998 1841 1067 1901 ctus,
1082 1835 1105 1891 si
1124 1851 1178 1892 non
1193 1836 1383 1906 exitiabiliore,
1399 1842 1613 1912 parricidiorum,
1636 1844 1792 1908 iornicatio·

147 1924 178 1973 et
193 1916 327 1987 genitrice
339 1918 532 1976 comitantibus
546 1919 633 1992 iretis)
644 1921 821 1991 laetorumin
833 1925 946 1981 duarum
998 1940 1062 1983 num
1072 1925 1320 2000 adulteriorumque
1329 1931 1499 1998 cccno,relut
1511 1933 1670 2003 quibusdam
1681 1940 1791 1998 marinis

148 2007 315 2065 venerandis
339 2019 456 2066 matrum
478 2010 601 2081 sinibus,
627 2008 756 2070 Ecclesiae
778 2016 948 2087 carnalisque
997 2016 1163 2073 irruentibus
1178 2017 1225 2073 tibi
1237 2019 1340 2074 voraris
1354 2019 1474 2077 feraliter
1484 2021 1684 2083 undisiNonne
1697 2044 1791 2100 pacem

148 2097 204 2154 sub
218 2099 306 2155 sancti
331 2099 437 2157 abbatis
464 2102 629 2172 amphibalo,
654 2102 739 2159 latera
755 2105 892 2174 regiorum
907 2114 948 2162 te·
997 2108 1092 2179 patria
1111 2107 1279 2164 mortiferum
1291 2125 1342 2166 ceu
1365 2119 1519 2183 serpentem
1532 2114 1637 2185 odiens,
1650 2117 1791 2191 civiliaque

148 2189 271 2246 oerrima
284 2204 442 2260 puerorum,
469 2192 513 2248 vel
534 2194 683 2265 precordia
707 2195 852 2253 crudeliter
864 2198 947 2254 duum
1003 2194 1787 2275 bellaetcrebrasinlustepredassitiens,aniuvmsuarce-

149 2279 322 2351 totidemque
335 2283 497 2339 nutritorum
512 2282 638 2355 (quornm
651 2284 763 2341 brachia
775 2301 946 2357 nequaquam
1002 2291 1097 2346 lestem
1105 2297 1330 2367 portampaclsac
1341 2294 1641 2369 refrigeriipraecludis?
1652 2301 1786 2359 llelictus.

148 2370 246 2439 armis,
258 2386 318 2442 qvae
330 2372 418 2429 nullus
429 2388 498 2445 pene
507 2373 646 2431 hominmn
660 2374 755 2432 lortius
769 2376 822 2433 hoc
833 2377 873 2432 eis
883 2387 949 2435 tem·
997 2393 1101 2449 queso,
1114 2376 1170 2448 iam
1195 2377 1270 2433 solos
1284 2392 1317 2433 ac
1336 2377 1360 2434 si
1371 2378 1453 2434 arbor
1469 2379 1495 2434 io
1514 2380 1604 2437 medio
1622 2397 1720 2453 campo
1732 2397 1790 2440 are-

148 2476 219 2531 pore
232 2462 373 2534 tractabat,
388 2465 436 2521 sed
450 2465 505 2522 beo
519 2465 652 2536 altarique
666 2475 801 2540 protenta,
811 2468 838 2523 iu
852 2466 896 2523 dle
907 2468 948 2538 iu·
997 2484 1087 2536 scens,
1096 2467 1242 2525 recordare
1254 2476 1362 2541 patrum
1377 2468 1543 2540 fratrumque
1556 2470 1663 2527 tuorum
1677 2472 1791 2544 phanta-

147 2553 214 2609 dicii
228 2553 263 2609 ad
282 2561 335 2611 tue
354 2555 471 2612 civitatis
484 2567 587 2628 portas,
597 2556 714 2628 Christe,
731 2558 884 2615 veneranda
898 2574 945 2630 pa·
997 2560 1076 2620 siam,
1089 2556 1236 2629 juvenilem
1260 2558 1486 2632 immaturamque
1498 2556 1625 2618 n'rortcm.
1638 2562 1708 2618 Num
1727 2578 1791 2621 ceu·

149 2646 254 2702 tientiae
268 2661 301 2703 ac
313 2647 375 2704 bidei
385 2663 441 2705 sue
450 2642 549 2705 vexilla
561 2648 738 2721 suspendent)
752 2651 822 2706 inter
834 2650 901 2722 ipsa,
912 2657 947 2706 ut
998 2648 1087 2705 tennis
1103 2658 1131 2704 tn
1150 2648 1186 2705 oh
1199 2648 1325 2719 religiosa
1338 2648 1445 2713 merita,
1457 2650 1499 2706 vel
1515 2665 1621 2709 coaeum
1635 2651 1790 2711 blathusalm

147 2738 216 2805 dixi,
232 2748 406 2798 sacrosancta
429 2740 524 2797 altaria
539 2742 654 2798 uetando
672 2757 738 2798 ense
754 2742 885 2813 hastaque
897 2759 947 2814 pro
997 2747 1127 2811 exceptus
1141 2754 1211 2808 pene
1225 2740 1298 2797 urrini
1325 2738 1401 2809 prole
1415 2740 1589 2798 servaberis?
1603 2741 1788 2815 Nequaquam.

148 2828 278 2889 dervtihos
297 2830 438 2900 laceravit,
459 2833 497 2889 ita
521 2842 550 2889 ut
571 2833 696 2891 saeriilcii
719 2835 837 2891 scelestis
855 2833 946 2891 sedem
997 2830 1052 2886 Sed
1061 2831 1112 2886 nisi
1126 2830 1215 2896 citius,
1228 2840 1258 2886 ut
1271 2828 1414 2886 Psalmista
1436 2830 1475 2886 ait
1489 2830 1576 2903 (Psoi.
1591 2849 1638 2900 vn,
1654 2834 1709 2907 lb),
1724 2850 1790 2892 con·

148 2936 286 2992 purpurea
296 2918 365 2980 acsi
378 2924 513 2995 coagulati
527 2927 632 2983 cruens
642 2926 723 2998 pallia
733 2926 947 2998 attingerentlit
997 2941 1092 2983 versus
1105 2924 1186 2982 lucris
1207 2926 1242 2981 ad
1261 2925 1415 2991 borniuuru,
1436 2943 1535 2999 ensem*
1550 2926 1577 2981 in
1601 2935 1628 2982 te
1640 2925 1749 2984 vibrabit
1762 2929 1789 2983 in

149 3017 204 3073 hoc
214 3031 249 3072 oe
264 3027 325 3088 post
340 3018 473 3076 laudanda
488 3020 597 3090 quidem
611 3020 708 3078 merita
722 3021 786 3091 erit.
798 3020 866 3077 Nam
877 3021 948 3077 mul·
997 3017 1074 3072 brevi
1088 3033 1162 3091 snam
1175 3014 1233 3071 iles
1247 3016 1293 3072 ille
1302 3017 1347 3087 qui
1360 3032 1408 3088 per
1419 3016 1579 3090 prophetam
1590 3033 1597 3072 :
1610 3012 1679 3089 Epo,
1691 3017 1789 3089 inquit,

150 3106 185 3163 tis
198 3115 266 3163 ante
279 3094 358 3164 arinis
371 3109 473 3167 crebris
487 3109 682 3182 alternatisque
695 3111 826 3168 letorihus
839 3112 947 3171 adulte-
998 3107 1125 3175 ceddam,
1139 3116 1164 3163 et
1178 3122 1225 3179 epo
1240 3109 1322 3162 virere
1336 3109 1447 3179 [ιιὶιιις
1463 3109 1614 3176 permeare,
1629 3115 1654 3162 et
1673 3123 1719 3178 eqo
1742 3124 1787 3164 sa·

149 3196 256 3253 riorum
270 3197 366 3261 victus,
387 3198 506 3270 legitima
521 3215 607 3258 uxore
619 3210 716 3258 contra
732 3202 832 3258 Christi
845 3201 978 3272 tragisse
993 3201 1077 3266 nabor
1091 3209 1116 3255 et
1126 3215 1176 3254 non
1189 3199 1280 3271 estqui
1298 3199 1330 3253 de
1342 3214 1421 3253 mans
1434 3214 1491 3252 urea
1504 3199 1585 3271 possit
1596 3214 1685 3255 eruere
1699 3196 1788 3270 (licut.

149 3286 241 3356 trique
252 3287 373 3355 rentium
388 3288 560 3349 interdictum
574 3292 682 3363 repulsa
693 3290 854 3350 dicentium:
870 3290 947 3358 Qsad
997 3306 1081 3358 xxru,
1092 3287 1148 3360 59).
1162 3287 1343 3358 Quamobrem
1358 3299 1477 3344 ιιιιιιιι
1490 3289 1523 3343 de
1534 3286 1618 3344 ietido
1630 3287 1732 3360 pulvere
1742 3297 1788 3345 tou

150 3376 223 3436 Deus
244 3380 391 3452 conjunxit,
409 3384 485 3437 bomo
507 3399 560 3439 ιιι
579 3391 684 3456 separet
710 3383 817 3457 (batth.
833 3400 891 3451 ιιι,
914 3383 945 3451 6;
987 3381 1066 3452 ,ilem
1083 3396 1128 3446 eu,
1143 3378 1184 3450 9,),
1202 3388 1231 3435 ιι
1254 3390 1413 3435 ιιιιιιιιιι
1440 3378 1474 3433 ad
1489 3395 1549 3435 eum
1564 3387 1622 3435 toto
1645 3380 1728 3435 corde
1743 3381 1788 3450 qul

151 3467 239 3547 liare.
249 3485 278 3538 a,
289 3467 328 3545 9);
339 3479 383 3527 ιι;
399 3470 465 3539 Viri,
477 3472 577 3546 dilipite
587 3490 681 3531 scores
691 3483 787 3531 restrae
800 3473 946 3548 (Galeam,
996 3471 1099 3528 crearit
1114 3478 1140 3525 te
1155 3477 1195 3538 ιι,
1209 3485 1267 3523 crim
1285 3469 1412 3524 exarserit
1431 3473 1459 3523 in
1474 3468 1544 3524 breti
1560 3471 1601 3524 ira
1615 3470 1683 3544 ejus,
1698 3470 1786 3526 beata

151 3560 208 3632 lb).
223 3560 428 3619 Amarissimum
443 3565 515 3621 euim
538 3564 673 3636 quoddam
693 3566 727 3623 de
745 3565 801 3623 vite
814 3566 949 3625 Sodomo-
997 3562 1034 3619 sis
1045 3554 1154 3632 sperone
1168 3560 1195 3614 in
1209 3575 1267 3614 euna
1283 3556 1370 3632 (Psoi.
1385 3574 1416 3624 ιι,
1428 3546 1484 3628 θ’)
1497 3558 1540 3614 sin
1552 3558 1629 3629 alias,
1641 3569 1749 3615 aeterum
1763 3570 1790 3616 to

151 3666 212 3706 rum
222 3650 250 3707 in
262 3648 352 3707 cordis
362 3652 404 3708 soi
419 3652 663 3711 intructuosabono
676 3655 772 3711 semini
786 3655 874 3725 gleba,
888 3670 948 3711 sur·
997 3651 1145 3708 manebunt
1163 3665 1249 3719 poenm
1269 3647 1463 3704 conterendum
1477 3663 1549 3705 sceva
1564 3647 1692 3704 continue
1701 3656 1729 3704 et
1742 3664 1789 3707 ne

151 3730 279 3797 solamen
306 3741 502 3800 incredulitatis
527 3752 555 3801 et
580 3732 743 3816 insipientiae
762 3744 946 3823 plantaverat,
996 3756 1131 3817 quaquam
1142 3739 1339 3796 absumendum
1354 3738 1546 3796 tartarilauce.

152 3832 226 3907 qood
238 3832 354 3906 vulgatis
367 3834 576 3905 domesticisque
599 3836 782 3906 impietatibus
796 3836 869 3892 velut
885 3838 931 3907 qui
1033 3832 1099 3893 Car.
1120 3850 1159 3891 nr.
1183 3832 1332 3904 increpatio
1356 3834 1393 3888 ln'
1410 3831 1595 3911 l'ortiporirtnt.
1613 3863 1650 3876 -
1668 3832 1738 3901 Quid
1762 3842 1790 3888 tu

153 3923 267 3979 busdam
280 3925 421 3981 venenatis
439 3925 571 3983 imbribus
590 3926 739 3999 irrigatum,
754 3932 783 3982 et
795 3926 829 3981 ad
843 3924 891 3987 liei
904 3926 947 3984 ol·
997 3943 1107 4001 quoque
1119 3926 1206 4001 pardo
1220 3926 1315 3982 similis
1328 3926 1465 3995 moribus,
1480 3934 1509 3983 et
1521 3927 1648 3999 nequitiis
1661 3926 1790 3996 discolor,

153 4008 258 4080 ieosam
271 4013 376 4070 avidius
385 4028 416 4069 ιι
429 4014 536 4085 erigens
548 4014 683 4086 parricidii
695 4015 883 4085 sacrilegiique
892 4015 947 4071 cri·
997 4029 1159 4080 canescente
1170 4018 1226 4090 jam
1247 4018 1351 4091 capite,
1368 4019 1395 4074 in
1416 4020 1516 4076 throno
1529 4018 1598 4075 dolis
1611 4018 1701 4092 pleno,
1716 4028 1744 4076 et
1757 4020 1791 4074 alr

153 4121 216 4173 men
226 4106 353 4178 produxit
367 4106 599 4164 inmeiium.sed
613 4123 664 4164 nec
674 4107 762 4165 adhuc
772 4107 892 4179 priorum
905 4121 948 4164 re·
997 4113 1060 4169 inuis
1082 4111 1185 4168 vertice
1208 4119 1287 4167 tenum
1310 4110 1426 4167 diversis
1443 4111 1592 4186 parricidiis
1611 4111 1792 4168 etadulteriis¹

153 4203 228 4274 tibm
252 4203 386 4265 indorum
412 4203 572 4276 expeditos,
599 4202 696 4280 priscis
721 4203 843 4263 recentia
868 4211 949 4274 anget
997 4211 1184 4274 constuprato,
1208 4201 1275 4258 boul
1296 4202 1378 4272 reqis,
1403 4216 1520 4273 nequam
1542 4202 1594 4270 lili,
1618 4210 1649 4258 ut
1671 4201 1792 4259 ezechia

153 4295 244 4351 maim
998 4292 1153 4359 blanasses,
1181 4292 1355 4353 ὓιιιιιιιιιι
1382 4300 1497 4365 tyranne
1527 4290 1660 4373 vortipori
1686 4293 1792 4366 stupide

189 4385 219 4445 3.
233 4386 292 4457 ara
308 4385 364 4457 jam
377 4387 456 4467 quasi
475 4394 637 4458 praesentem
656 4398 751 4456 arguo,
765 4399 847 4459 quem
860 4385 949 4444 adhuc
998 4386 1086 4456 riges?
1107 4384 1177 4457 Quid
1201 4391 1229 4440 te
1251 4393 1306 4440 tam
1325 4384 1438 4441 violenti
1464 4393 1636 4455 peccatorum
1658 4386 1792 4457 gurgites,

153 4492 299 4550 superesse
320 4493 374 4534 noo
400 4476 503 4541 nescio
520 4475 591 4556 Quid
604 4483 698 4548 stupes
720 4475 816 4531 anime
829 4474 948 4533 caroiiex
999 4494 1069 4551 quos
1082 4477 1218 4534 utrinam
1233 4475 1364 4547 optimum
1376 4475 1481 4543 sorbes,
1496 4476 1551 4532 bno
1571 4484 1599 4532 tu
1614 4476 1648 4532 ab
1662 4477 1701 4534 eis
1714 4493 1793 4539 vora·

154 4569 272 4643 propriae
282 4569 295 4624 l
306 4562 375 4637 Quid
390 4568 438 4624 tilri
445 4566 568 4625 flammas
581 4566 679 4624 inicmi
692 4566 845 4626 volontarie
855 4582 952 4627 acceo·
964 4580 988 4638 [ι
1001 4572 1048 4636 ris,
1067 4570 1302 4643 appropinquante
1315 4568 1415 4624 sensim
1433 4568 1495 4624 vite
1510 4566 1594 4624 limite
1608 4582 1662 4626 non
1675 4568 1794 4631 satiantl
1860 4642 1867 4655 ·

155 4661 198 4719 dis
211 4674 351 4735 nonquam
365 4658 536 4725 deiectumsi
549 4657 618 4728 Quid
631 4658 801 4723 inimicorum
815 4658 873 4715 vice
887 4673 951 4731 pro·
1002 4661 1074 4730 Quid
1088 4658 1165 4741 quasi
1178 4659 1302 4719 culminis
1324 4658 1456 4715 malorum
1475 4657 1596 4716 omniurn
1616 4669 1711 4731 stupro
1729 4677 1794 4732 pro·

154 4754 222 4826 priis
235 4760 263 4809 ιι
285 4750 409 4808 confodis
428 4759 528 4823 sponte
546 4749 667 4813 ensibus,
683 4748 786 4806 hastis?
799 4748 876 4806 hune
893 4749 953 4825 ipsa
1003 4753 1063 4827 pria
1078 4761 1122 4807 tua
1136 4758 1227 4809 amota
1239 4750 1368 4820 conjuge,
1387 4748 1562 4820 eiusdemque
1578 4750 1692 4807 honesta
1707 4758 1794 4809 morte

155 4845 266 4921 quidem
278 4842 412 4921 virulenta
423 4842 557 4899 scelerum
577 4856 609 4898 ac
627 4840 650 4898 si
661 4840 758 4913 pocula
772 4849 867 4919 pectus
878 4844 953 4897 luum
1003 4830 1168 4918 impudentis
1185 4843 1247 4900 lille
1265 4843 1383 4913 quodam
1398 4841 1563 4927 ineluctabili
1579 4844 1699 4915 pondere
1712 4842 1795 4898 mise·

153 4942 256 5000 satiare
270 4935 432 5011 quiveruntl
443 4934 569 5006 llespice,
579 4947 681 5004 queso,
696 4941 724 4988 et
736 4932 799 4989 veni
819 4932 853 4987 ad
871 4931 949 4988 Chri·
1003 4950 1063 4992 ram
1084 4936 1202 4992 animam
1221 4934 1337 4993 onerari
1354 4932 1394 4990 Ne
1408 4948 1561 5000 consumas,
1576 4948 1678 5003 quaeso,
1691 4931 1794 4987 dierum

155 5043 241 5105 ιιιιι,
255 5032 387 5104 siquidem
408 5030 515 5088 laboras
529 5038 559 5086 ιι
576 5029 709 5085 immenso
721 5026 842 5098 pondere
856 5041 953 5082 curva·
1002 5025 1076 5097 quod
1089 5024 1222 5095 reliquum
1236 5032 1279 5082 est
1292 5023 1319 5080 in
1328 5022 1382 5080 diei
1396 5022 1526 5081 offensam
1544 5040 1552 5077 a
1567 5018 1629 5093 quia
1648 5036 1715 5075 nane
1729 5028 1793 5075 tem·
1810 5048 1812 5056 ·

155 5127 209 5193 ιίι;
233 5131 263 5187 ιι
277 5125 335 5196 ipse
348 5133 386 5191 te,
401 5131 432 5179 ut
452 5121 522 5179 dixit
536 5118 645 5194 (blattis.
657 5135 695 5186 ιι,
709 5115 768 5190 28),
782 5118 952 5188 requiescere
1003 5132 1051 5188 pus
1065 5112 1222 5188 acceptabile
1238 5123 1263 5168 et
1276 5113 1331 5168 dics
1345 5110 1438 5169 ιιιιιίι
1451 5110 1497 5186 (ll
1510 5106 1570 5168 Cor.
1586 5126 1621 5174 ιι,
1635 5106 1665 5183 2)
1679 5108 1795 5168 vultibus

155 5221 248 5283 iacies
259 5217 328 5277 Veni
340 5217 446 5274 adeum
469 5214 516 5293 qui
529 5230 581 5270 non
595 5211 648 5268 eutr
665 5210 809 5283 peccatoris
832 5219 952 5281 morem,
1003 5205 1192 5278 poenitentium
1215 5205 1297 5273 locet,
1321 5204 1348 5260 'm
1368 5219 1422 5279 quo
1442 5205 1512 5260 bene
1533 5201 1642 5276 operari
1661 5208 1749 5277 potes,
1763 5218 1795 5259 ns

160 5317 245 5379 sedat
262 5317 427 5369 ιιιιιιιιιιι
439 5316 465 5364 ιι
483 5306 553 5363 ciret
581 5302 692 5378 (Esset.
708 5316 801 5369 xxxin,
817 5298 873 5373 ll).
890 5299 952 5373 Dis·
1006 5299 1053 5383 pat
1067 5300 1131 5377 {uqa
1143 5307 1189 5357 toa
1204 5297 1334 5361 biemerel
1346 5295 1452 5357 sabbato
1467 5293 1576 5352 lblottb.
1589 5308 1661 5385 xxiv,
1674 5291 1731 5368 bo).
1748 5296 1795 5353 tt·

192 5490 785 5633 merra..
1040 5477 1514 5670 trevorensem,
1612 5610 1644 5634 ,,

194 5634 284 5701 epp„
296 5633 470 5710 qqqpfflgm,
1038 5616 1142 5677 *bois
1159 5620 1287 5692 (excepta
1299 5614 1369 5672 hut.
1429 5614 1685 5690 .Parrs.),Canme,

193 5704 207 5746 θ
221 5705 305 5763 Deest
317 5704 436 5761 certarint
450 5703 478 5759 in
490 5701 598 5772 Fragm.
1275 5757 1281 5771 ,
1450 5759 1457 5773 ‚

197 5775 419 5849 tliclmepotius
438 5772 619 5849 quamnerito
632 5775 752 5844 poterant
767 5764 849 5840 (forte
862 5770 950 5839 prote·
1039 5758 1136 5822 ¹btbt.
1153 5755 1489 5831 rr.ras.,1tannona.

162 5847 245 5927 titiis
255 5846 364 5923 fnbm·
