4059 6184
257 305 311 368 uti

868 313 904 374 tt.
925 317 1064 374 auncurt
1083 316 1283 378 ctssroouut
1546 317 1547 320 ‘
1825 343 1869 401 rra

291 443 365 484 secar
375 430 472 500 terent,
487 429 583 483 inerim
597 446 643 484 sca
656 431 797 486 solidorum
821 433 943 486 mrrlctcm
967 440 992 486 et
1007 433 1051 505 sn·
1066 438 1091 495 Α
1106 450 1173 505 paee
1184 436 1327 505 geminavi,
1340 452 1404 493 eece
1414 437 1515 494 ciuibus
1526 449 1620 497 ornata
1636 445 1789 516 resplendui.
1798 451 1821 509 Si
1834 473 1869 516 me

289 502 418 557 ameriam
432 499 584 569 supplicitate
598 501 726 556 decernit.

292 588 322 647 Si
344 590 424 646 obesi
438 587 531 659 populi
555 590 663 646 urbium
690 592 854 661 singularum
878 594 928 649 snb
947 593 1051 665 pretio·

257 698 316 737 rum
329 679 433 748 iustitia
443 679 628 744 eontinentur,
644 684 847 754 quantomagis
870 683 950 739 debet
975 683 1051 739 labo·

257 771 536 837 rantibussubtcniri,
566 788 602 828 ne
623 774 724 829 utilitas
751 777 960 842 commeantium
987 791 1051 830 san·

256 860 344 916 cietur
372 860 526 917 discrimine
553 861 741 919 fortuitorum!
767 864 801 919 lit
829 865 890 921 ideo
913 867 1050 936 susceptio

258 949 456 1004 transeuntium
467 952 574 1019 requies
587 952 667 1007 (lebet
682 969 742 1009 csse
757 969 882 1010 curarum
896 972 903 1022 3
929 971 964 1011 ne
977 956 1049 1024 qnod

258 1038 425 1096 adlevantem
444 1041 583 1096 inventum
595 1058 655 1098 esse
674 1053 789 1111 constat,
812 1046 972 1101 detestabile
998 1063 1049 1116 pa-

259 1130 311 1185 tius
325 1143 468 1198 gravamen
484 1129 595 1200 inlligat.
612 1132 767 1204 lit-cipiatur
780 1136 879 1205 lrospes
900 1136 935 1191 ad
961 1138 1049 1207 pretia

257 1218 383 1286 delinita;
397 1220 567 1288 ltrlquitatem
582 1239 636 1277 non
650 1225 768 1293 patiatur
792 1228 965 1296 araram,qui
981 1227 1050 1280 inri-

258 1318 331 1364 tatur
343 1310 376 1365 ad
390 1313 515 1379 gratiam,
530 1314 658 1382 quoniam
674 1317 759 1388 impis
770 1319 907 1373 accusatio
922 1318 991 1391 [dc.,
1003 1334 1050 1374 oc·

259 1401 385 1470 cupati03
402 1400 464 1456 Nic.
479 1412 504 1456 et
516 1401 580 1470 tta,
594 1405 750 1477 aumrpatio]
763 1400 821 1474 cst‘,
837 1416 939 1463 terrere
966 1425 1045 1464 enor-

260 1489 356 1546 mitate
367 1493 458 1560 pretii,
470 1502 498 1548 et
507 1497 681 1567 susceptione
690 1497 815 1552 blandiri.
831 1498 952 1554 Praedoni
975 1501 1050 1555 siml·

159 1607 163 1614 ·
258 1581 291 1638 lis
304 1592 355 1647 est,
381 1585 426 1652 qui
452 1585 501 1640 sub
525 1586 616 1656 iniqua
640 1589 715 1658 cupit
729 1589 865 1645 uoluntate
883 1590 1048 1660 distrahere;

260 1680 389 1742 utrosque
400 1674 472 1728 enim
483 1684 591 1731 constut
603 1677 690 1732 aliena
701 1679 769 1733 selle
783 1680 910 1749 diripere,
920 1689 948 1737 et
958 1685 1049 1739 censi·

258 1764 425 1821 cierationem
436 1765 547 1835 iustitia
559 1783 614 1824 nou
631 1769 741 1825 lrabere.
753 1770 975 1842 Nescitisquanta
985 1789 1050 1845 pos

258 1854 317 1909 sitis
330 1857 471 1924 acquirere
483 1859 634 1915 moderati?
647 1858 724 1916 Uitru
737 1862 771 1917 ad
797 1877 904 1918 conrnm
914 1865 937 1918 ta
960 1877 1051 1920 restra

258 1946 378 2010 vestiunt,
395 1948 442 2016 qui
469 1965 518 2006 ros
534 1962 717 2021 temperanter
740 1967 821 2023 agere
847 1970 927 2025 posse
952 1973 1053 2028 eogno-

258 2043 346 2090 scunt.
356 2035 451 2093 Nullus
460 2053 563 2108 ergnse
576 2043 701 2106 aestimet,
714 2044 787 2114 quod
794 2046 972 2104 estdanriliare
982 2065 1053 2104 sem·

259 2139 309 2195 per
331 2126 495 2199 absentium,
521 2131 724 2204 longinquitatis
762 2137 899 2194 olrlitionc
932 2139 1051 2207 delendi,

259 2216 369 2285 quaudo
382 2220 481 2276 ttdvttoa
490 2222 603 2278 transm
616 2226 737 2294 quotidie
760 2228 807 2298 qul
834 2238 922 2285 vestra
954 2232 1053 2287 merci·

259 2306 511 2377 rnotriapatiuntur.
529 2313 630 2371 Cavete
654 2318 746 2386 potius
771 2318 867 2374 damna
896 2320 1052 2388 multorum,

261 2399 307 2467 qni
320 2399 459 2456 lucrorum
470 2404 613 2462 ariditates
626 2411 764 2480 appetitis.
780 2412 833 2467 Ser
854 2413 926 2467 enirn
949 2415 1052 2470 solido-

258 2503 318 2544 rum
334 2489 501 2561 dispendium
515 2510 546 2552 se
559 2501 666 2554 noverit
680 2503 824 2572 criminere,
836 2513 865 2560 et
889 2506 1053 2564 laceratione

259 2584 382 2651 corporis
395 2584 576 2654 affligendam,
592 2591 688 2661 siquis
701 2595 780 2650 aliter
802 2598 970 2653 rendendum
992 2613 1052 2656 csse

260 2670 414 2740 crediderit,
426 2689 506 2743 quam
521 2680 598 2735 miles
614 2691 706 2739 noster
717 2687 743 2740 in
754 2702 812 2741 rem
834 2688 952 2761 directus
965 2693 1052 2761 pretia

259 2776 321 2817 ema
346 2763 450 2820 civibus
461 2775 543 2838 atque
555 2771 690 2843 episcopis
699 2773 832 2844 locorum,
849 2779 1050 2838 babitatlelibe-

260 2850 375 2928 ratione,
391 2859 538 2915 censuerit.
552 2859 682 2920 srrtttcere
702 2867 773 2922 cuim
793 2868 893 2926 debent
924 2873 1051 2931 omnibus

260 2938 458 3003 ltonestalucra
471 2948 505 3004 dc
518 2950 630 3021 eldbus,
649 2970 684 3011 ne
695 2957 805 3014 obsessa
829 2961 918 3031 potius
941 2963 1051 3020 ridean-

260 3039 304 3089 tur
318 3034 416 3092 itlueta
425 3052 486 3097 csse
499 3040 645 3101 latronum.

534 3175 696 3236 cristata
711 3182 778 3240 llttl.

328 3277 479 3320 tusrtstrno
493 3281 652 3326 succurrunt
666 3289 783 3332 senatus
803 3294 875 3335 unnts
890 3296 980 3338 noae.

261 3347 347 3422 Requi
357 3358 385 3406 ιιι
399 3357 453 3427 regi
466 3373 554 3426 pacem
565 3361 697 3416 concedat.
724 3362 799 3429 Quod
808 3375 835 3421 nt
849 3370 954 3438 [nciliis
977 3389 1051 3427 osre-

327 3434 404 3490 etur,
429 3425 907 3506 liomesrnctommqaeapostoloram
928 3441 1000 3497 l’etri
1026 3453 1051 3499 et

310 3494 471 3565 'aelipretet
480 3498 535 3551 suit
549 3499 679 3572 adjungit.

296 3606 447 3663 lloncstum
460 3609 541 3666 nimis
556 3620 584 3666 et
602 3617 786 3673 necessarium
800 3621 904 3676 ridetur
918 3638 976 3679 csse
1003 3640 1051 3679 ne-

259 3699 371 3768 gotium,
388 3716 438 3771 pro
456 3704 603 3759 securitate
616 3703 743 3763 Rauranae
754 3710 907 3780 reipublicae
921 3713 964 3782 pio
977 3715 1051 3784 prin·

258 3789 560 3862 clplsrtppllcare,·qula
574 3797 700 3852 convenit
725 3814 740 3852 a
766 3801 843 3857 uobis
865 3805 955 3873 expeti
978 3805 1051 3874 quod

258 3885 359 3932 nostra
372 3881 458 3948 possit
474 3881 605 3951 prolicere
618 3884 746 3942 libertati.
762 3886 829 3943 llam
858 3891 929 3945 irrtcr
952 3902 1050 3949 catera

1104 525 1163 580 laedi
1175 528 1287 603 pateris.
1304 528 1349 582 uiri
1363 529 1420 599 ianr
1435 547 1533 606 nomen
1546 542 1597 588 tare
1622 536 1729 605 pietatis
1750 546 1868 606 oslettdlsi

1104 617 1173 684 Quid
1187 619 1318 689 errimpro
1334 637 1376 677 ure
1392 623 1486 679 nitaris
1504 625 1618 696 amplius
1631 642 1720 697 agere,
1741 635 1810 703 eujus
1832 654 1869 696 ro·

1103 706 1177 777 ligio,
1193 724 1252 779 quac
1268 717 1313 763 tua
1329 719 1380 779 est,
1397 715 1570 781 cognoscitur
1581 717 1621 771 sic
1636 715 1751 774 floreret
1774 722 1872 787 Senarus

1104 812 1181 852 meus
1209 799 1357 856 bonoribus
1383 803 1490 870 erescit,
1516 804 1689 862 facultatibus
1713 809 1874 876 indrsinenter

1102 901 1224 960 augetur.
1240 894 1298 948 Noli
1313 910 1362 965 per
1376 896 1538 953 discordiam
1553 901 1683 972 dissipare
1696 908 1765 974 quod
1778 910 1874 971 deberes

1102 997 1151 1052 per
1165 981 1233 1037 bella
1245 983 1399 1041 riclerrdere.
1416 985 1502 1042 llabui
1517 990 1615 1045 multos
1629 1007 1717 1061 reges,
1736 999 1779 1051 sel
1804 1006 1876 1058 nemi·

1102 1074 1326 1142 nemlrujusmutli
1346 1077 1492 1132 litteratum
1517 1079 1581 1152 [ab.
1611 1083 1783 1158 l;tterarunt];
1808 1091 1875 1149 lrabui

1100 1167 1245 1234 prudentes
1259 1168 1341 1233 vitoe,
1355 1170 1402 1224 sed
1424 1172 1526 1227 nullum
1540 1174 1579 1228 sic
1598 1174 1720 1231 doctriua
1743 1191 1770 1234 et
1791 1185 1877 1251 pietate

1100 1256 1256 1327 pollentem.
1273 1259 1359 1329 Diligo
1375 1260 1582 1327 drusiummeis
1597 1268 1722 1322 uberibus
1735 1276 1875 1342 enutrimur,

1100 1348 1186 1403 sirum
1201 1347 1297 1405 lortem
1313 1367 1371 1405 mea
1383 1356 1588 1411 conversatione
1615 1362 1802 1428 corapositurn,
1829 1366 1875 1419 Ro-

1101 1439 1186 1494 manis
1198 1441 1339 1509 prudentia
1354 1443 1473 1510 clrarurrr,
1497 1449 1622 1515 gentibus
1647 1451 1745 1506 uirtute
1768 1471 1852 1512 cerere
1867 1488 1879 1499 ·

1100 1527 1174 1585 dum.
1185 1528 1271 1600 lunge
1296 1532 1416 1602 quinimo
1429 1544 1509 1603 vota,
1535 1540 1697 1609 participare
1710 1545 1832 1608 concilim
1854 1559 1878 1602 rrt

1102 1710 1190 1765 cedat.
1205 1710 1264 1768 Noli
1278 1716 1371 1771 mesic
1385 1731 1514 1786 querere,
1531 1727 1561 1774 ut
1573 1737 1627 1775 uuu
1646 1722 1738 1780 valcas
1762 1726 1878 1783 inuenire·

1068 1812 1088 1869 p
1103 1797 1160 1855 ‘lua
1174 1817 1234 1858 sum
1245 1804 1419 1862 nibilominus
1432 1809 1573 1876 charitate,
1589 1813 1611 1866 si
1624 1813 1695 1885 [Ac.,
1712 1816 1776 1882 τοις
1791 1816 1848 1872 llic.
1860 1830 1881 1873 et

1105 1891 1166 1959 Ge,
1181 1891 1230 1964 sic]
1245 1895 1347 1949 nullum
1362 1895 1446 1952 iacias
1459 1915 1518 1954 mea
1533 1902 1652 1956 membra
1679 1903 1805 1960 lacerare.
1823 1908 1879 1963 ll'anr

1103 1983 1125 2036 si
1137 1981 1219 2056 Libya
1232 1987 1333 2040 meruit
1345 2002 1393 2057 per
1408 1998 1434 2043 te
1458 1992 1579 2061 recipere
1597 1993 1761 2064 libertatem,
1787 2000 1883 2055 crnrlelc

1103 2081 1199 2129 estrue
1212 2076 1336 2131 amittere
1350 2093 1430 2148 quam
1451 2096 1558 2152 semper
1579 2084 1635 2139 risa
1658 2102 1720 2141 sum
1747 2089 1881 2159 possllcre.

1102 2163 1205 2236 impera
1230 2168 1347 2224 motibus
1370 2170 1534 2238 iracundiae,
1563 2176 1748 2248 triumphator
1778 2182 1881 2250 egregie.

1103 2257 1166 2313 Plus
1180 2267 1220 2313 est
1234 2259 1306 2328 quod
1326 2263 1445 2330 generali
1456 2279 1522 2320 voce
1548 2268 1647 2335 petitur
1661 2285 1744 2340 quant
1759 2272 1780 2326 si
1806 2281 1884 2328 veter

1103 2350 1208 2405 animus
1218 2351 1361 2420 cujuslibet
1374 2353 1571 2422 ingratitudinis
1598 2358 1750 2418 offensione
1762 2364 1883 2419 niteatur.

1103 2436 1167 2494 llacc
1181 2439 1266 2494 licum
1281 2441 1408 2510 loquitur,
1422 2443 1485 2498 dum
1499 2444 1576 2501 vobis
1602 2462 1652 2517 per
1677 2465 1743 2507 suos
1767 2453 1885 2529 supplicat

1103 2538 1253 2585 senatores.
1268 2529 1345 2597 Quod
1359 2531 1381 2588 si
1395 2534 1483 2590 adhuc
1495 2536 1583 2593 minus
1597 2549 1648 2607 est,
1664 2540 1806 2596 beatorum
1832 2558 1886 2612 apa·

1104 2620 1236 2674 stolorum
1252 2619 1324 2676 Petri
1338 2631 1419 2692 atque
1443 2622 1517 2679 Pauli
1532 2628 1626 2698 petitio
1644 2631 1813 2686 sanctissima
1827 2632 1887 2700 cogi·

1103 2716 1184 2762 tetur.
1197 2707 1264 2763 Nam
1277 2711 1325 2780 qui
1336 2713 1508 2768 securitatem
1535 2713 1687 2772 itomanam
1711 2736 1782 2792 sape
1804 2721 1879 2776 delen

1102 2801 1174 2857 disse
1185 2802 1333 2871 probantur
1346 2803 1380 2859 ab
1393 2805 1524 2873 hostibus,
1538 2809 1602 2877 qnid
1617 2810 1671 2865 erit
1698 2814 1771 2882 quud
1804 2827 1886 2867 eoram

1102 2891 1206 2946 meritis
1221 2893 1297 2963 181
1311 2901 1466 2949 vestanen
1477 2896 1578 2951 tribuat
1588 2899 1779 2971 principatus?
1802 2899 1851 2956 Sed
1862 2909 1886 2954 ut

1100 2983 1194 3038 omnia
1209 2986 1478 3042 rerereutimrestra
1499 3003 1648 3057 congruere
1668 2993 1822 3062 videantur,
1846 3010 1888 3064 per

1103 3073 1273 3130 illumvirum
1287 3078 1477 3144 uenerabilem,
1493 3080 1608 3149 legatum
1621 3084 1738 3152 piissimi
1753 3087 1822 3154 regis
1843 3099 1886 3139 no·

1063 3181 1086 3244 c
1102 3167 1199 3222 suiad
1214 3175 1330 3223 vestram
1344 3169 1513 3226 elementiam
1536 3172 1716 3242 destinatum,
1731 3191 1823 3248 preces
1846 3191 1888 3229 nc

1106 3266 1175 3312 stras
1202 3257 1335 3313 credimus
1359 3261 1547 3330 porrigendas;
1573 3269 1603 3317 nt
1636 3272 1695 3318 tam
1719 3265 1796 3320 multi
1821 3264 1887 3337 [clii,

1105 3349 1198 3420 multa]
1213 3348 1329 3405 debeant
1352 3350 1468 3419 allicere,
1495 3367 1555 3422 quac
1580 3354 1621 3409 rel
1649 3357 1752 3426 singuli
1775 3364 1890 3427 potertmt

1104 3440 1176 3513 apud
1186 3442 1247 3512 pios
1257 3443 1363 3499 animos
1378 3445 1513 3501 obtinere.

1368 3575 1535 3633 epistota
1553 3579 1622 3634 xit.

1103 3681 1231 3722 GAUDIOSO
1255 3682 1436 3723 cmcsttttttu
1464 3685 1608 3725 ellottacte
1636 3688 1757 3730 tlctiluAE
1783 3686 1890 3727 SEMW

1336 3753 1495 3793 PRAEFECTUS
1514 3757 1664 3797 illailttltlo.

1103 3817 1231 3883 Describit
1245 3827 1352 3885 Comum
1368 3831 1504 3894 ciuitatem,
1519 3840 1544 3884 et
1562 3832 1664 3885 indicat
1679 3850 1770 3905 repent
1783 3834 1838 3904 ejas
1854 3832 1890 3884 irr-

1260 3900 1331 3954 eeies
1344 3913 1448 3954 munere
1467 3911 1588 3970 perpetrm
1604 3904 1740 3971 affecisse.

258 3968 329 4023 bona
345 3981 405 4039 quac
420 3972 495 4028 robis
508 3974 679 4042 singulariter
691 3977 784 4033 Divina
800 3981 961 4053 tribuerunt,
984 3985 1050 4041 uilril
1139 3990 1205 4046 Dum
1220 3992 1311 4047 maltis
1325 3991 1464 4048 itineribus
1477 3994 1562 4049 Gema
1581 3995 1681 4051 ciuitas
1696 4005 1848 4066 expetatur,
1861 3995 1890 4048 ita

258 4055 402 4124 gloriosius
413 4060 545 4129 probatur
559 4065 701 4135 accedere,
714 4083 796 4138 quarn
807 4074 878 4141 quod
892 4091 941 4130 ros
956 4091 1052 4145 cogno·
1102 4099 1132 4139 se
1153 4099 1324 4155 possessores
1337 4085 1563 4154 paraveredorum
1577 4087 1743 4144 assiduitate
1757 4093 1893 4158 suggerunt

259 4146 335 4218 scitis
348 4147 447 4217 ultique
461 4165 541 4220 posse
562 4166 701 4224 praestare.
736 4158 873 4231 Rogamus
896 4179 973 4235 ergo,
999 4167 1051 4224 cle·
1102 4173 1311 4242 esseiatigatos,
1334 4180 1364 4228 st
1387 4188 1518 4242 equorum
1539 4175 1622 4229 nimio
1643 4191 1733 4230 cursa
1748 4177 1798 4247 ipsi
1813 4174 1893 4245 poam

258 4237 585 4311 monumemtmpnator,
599 4246 673 4302 etde
697 4251 799 4317 gremia
824 4255 904 4309 curiae
930 4255 1051 4327 duplices
1102 4275 1261 4322 atterantur.
1277 4266 1379 4334 Quibus
1393 4266 1496 4321 indulta
1514 4266 1596 4336 regali
1618 4265 1789 4323 lrcnelleium
1807 4265 1893 4338 puteti-

260 4327 395 4385 tendimus
415 4345 518 4397 manus,
534 4341 564 4388 et
576 4351 670 4406 pacem
691 4351 807 4398 restrum
832 4356 926 4403 nostro
940 4349 997 4417 regi
1010 4348 1052 4404 ιιι·
1101 4359 1190 4429 pimus
1200 4357 1301 4428 iugiter
1315 4359 1457 4423 custodiri,
1474 4372 1509 4412 ne
1529 4357 1593 4412 urbs
1618 4358 1678 4425 illa,
1703 4359 1839 4429 positione
1851 4369 1892 4411 sur

259 4419 404 4476 missimam
419 4424 844 4502 prebeatis;necnospatiam1ui
859 4438 1051 4497 abominabiles
1102 4449 1217 4505 libenter
1228 4448 1390 4514 bablmbilis,
1405 4457 1523 4503 rarescat
1537 4449 1631 4504 incelis
1645 4450 1804 4520 frequentia
1820 4446 1893 4502 tate

259 4508 328 4577 beri,
342 4512 387 4581 qui
399 4528 506 4585 semper
518 4518 552 4573 de
567 4529 658 4576 vestra
672 4526 817 4582 cuncordia
830 4528 989 4586 videbamur
1002 4546 1049 4588 ac·
1064 4539 1153 4626 Dum.
1169 4537 1217 4594 Est
1230 4539 1301 4594 enirn
1323 4548 1385 4609 post
1402 4539 1532 4593 montium
1546 4539 1635 4608 deria,
1651 4547 1684 4595 et
1698 4542 1754 4596 laci
1769 4535 1894 4611 parisini

258 4601 340 4670 cepti.
354 4600 504 4662 Romanum
523 4610 653 4680 siqnidem
666 4631 765 4673 nomen
779 4634 828 4674 ros
843 4620 1046 4690 commendatis,

258 4690 281 4746 si
294 4694 394 4750 nostris
404 4694 519 4754 dominis
531 4701 646 4773 benigna
664 4708 820 4765 conceditis.
844 4708 936 4766 Gratia
959 4720 1048 4768 vestm

258 4794 308 4838 nos
318 4783 396 4855 erigit
411 4801 443 4842 ac
464 4794 571 4859 tuetur;
596 4802 624 4847 ct
650 4796 702 4851 lroc
724 4799 822 4853 mereri
849 4802 1046 4871 cognoscimus,

259 4873 331 4942 quod
341 4874 376 4930 de
388 4883 477 4932 restra
492 4886 583 4936 mente
596 4884 723 4942 sentitur.
750 4886 874 4955 erietem
887 4905 952 4960 ergo
966 4891 1048 4949 ltalia·

1100 4630 1263 4696 vastitatem,
1276 4629 1353 4699 quasi
1365 4645 1458 4685 murus
1468 4629 1577 4699 quidam
1590 4630 1682 4701 planae
1699 4630 1825 4700 Liguriae.
1836 4627 1893 4695 Qus

1099 4721 1165 4777 licet
1177 4722 1313 4776 munimen
1327 4720 1470 4776 claustrale
1484 4722 1691 4791 probeturesse
1702 4719 1894 4793 prostratam

1100 4821 1203 4868 tanmm
1218 4811 1445 4883 pulchritudinem
1466 4812 1629 4882 perducitur,
1648 4823 1681 4867 ut
1694 4813 1731 4868 ad
1747 4809 1893 4867 solasdeli·

1100 4905 1156 4961 cias
1168 4903 1289 4960 instituta
1303 4918 1363 4959 esse
1376 4904 1507 4959 rideatur.
1528 4902 1592 4959 llaec
1608 4913 1675 4973 post
1699 4912 1810 4973 tergum
1828 4916 1894 4957 canr-

260 4962 361 5020 ΜΘΝ
376 4973 657 5041 ιθὸῑιθθθῐΰιῦιθιιῑὶ
678 4976 741 5045 quia
756 4987 821 5033 ‘¹¹⁰⁰
848 4980 931 5035 imm
954 4995 1049 5049 possu-
1099 4997 1200 5066 pestria
1223 4996 1295 5051 culta
1319 4994 1484 5058 transmittit,
1506 5003 1535 5049 et
1556 4995 1675 5050 amomis
1700 4993 1893 5051 venustabat

259 5067 329 5119 rrrus,
344 5054 367 5110 si
380 5070 430 5125 per
443 5065 492 5114 vos
505 5060 614 5118 dilectio
627 5065 717 5120 votiva
740 5068 890 5139 copuletur.
907 5071 956 5127 Cui
970 5074 1010 5128 rei
1023 5075 1046 5130 si
1098 5095 1171 5157 epra,
1185 5093 1214 5142 et
1226 5086 1387 5142 victualibus
1400 5086 1486 5155 copiis
1505 5085 1681 5154 indulgenter
1701 5085 1891 5143 aeconrnroda:

259 5152 359 5199 ⁰⁰⁵¹?ss
372 5161 467 5216 preces
476 5149 566 5208 ΝΜ
579 5169 633 5210 '¹⁰¹¹
660 5155 785 5213 Vldffllll’i
810 5174 892 5230 posse
911 5161 1045 5230 sufficeret
1097 5192 1113 5231 a
1127 5177 1216 5232 leonte
1228 5177 1365 5246 sexaginta
1386 5175 1502 5231 millibus
1519 5175 1669 5232 dulcissimi
1681 5178 1804 5247 sequaris
1815 5189 1892 5230 arne·
1922 5227 1925 5236 .

257 5233 515 5307 mmmmm
529 5251 649 5300 'mmm
673 5247 701 5302 ιθ
719 5247 775 5304 bac
800 5253 949 5319 ιιιιοιιοιίι
964 5254 1046 5310 uerba
1097 5271 1181 5326 nitate
1203 5269 1404 5340 perterruerat
1426 5276 1455 5322 et
1476 5268 1582 5324 animus
1603 5270 1757 5325 recreabili
1780 5268 1892 5325 delecta·

258 5341 433 5399 immitit
449 5332 497 5389 ²3¹
512 5336 560 5390 filil
574 5338 716 5409 ³¹1l⁰³l¹d⁰
734 5351 809 5410 grata
823 5340 873 5410 sib
895 5359 966 5413 ΝΜ»
980 5346 1046 5418 piis·
1096 5360 1171 5415 tione
1184 5359 1308 5420 satietur.
1322 5366 1351 5413 et
1365 5359 1475 5428 piscium
1488 5360 1566 5429 copia
1587 5358 1673 5414 nullis
1692 5358 1891 5430 tempestatibus

258 5417 326 5478 ‘illle
340 5420 499 5493 dimdium·
516 5426 671 5485 defensores
682 5446 768 5488 ¹³00&
791 5431 842 5500 Qui
865 5436 931 5490 mibi
957 5436 1045 5490 livill?-
1098 5449 1271 5506 subducatur.
1287 5448 1384 5504 llerito
1398 5462 1463 5518 ergo
1476 5448 1561 5504 Cornu
1576 5466 1681 5505 nornen
1704 5451 1822 5520 necerat.
1837 5459 1891 5517 qna

259 5517 367 5576 uantur,
381 5513 556 5573 tibidebeant
567 5532 626 5575 &se
638 5524 787 5580 0⁰¹¹t⁰llles
797 5542 804 5589 t
816 5540 849 5580 lle
862 5525 991 5597 incipiant
1004 5536 1046 5581 ιιι·
1097 5541 1179 5596 tantis
1193 5539 1298 5595 laetatur
1312 5550 1418 5610 compta
1436 5541 1598 5595 muneribus.
1613 5538 1670 5595 llic
1685 5542 1812 5611 proiecto
1825 5540 1891 5593 lacus

258 5597 294 5653 lie
314 5600 342 5655 iu
354 5603 513 5675 nefacere,
534 5623 594 5680 quse
609 5625 624 5667 a
639 5613 709 5672 votis
729 5619 782 5673 tuis
804 5619 979 5686 cognoverint
996 5619 1048 5674 dis·
1097 5637 1140 5685 est
1154 5629 1233 5684 nimis
1251 5630 1421 5699 amplissimae
1441 5630 1518 5685 valiis
1535 5629 1727 5701 profunditate
1746 5638 1889 5701 aceeptus,

259 5697 380 5760 crepare.
403 5693 907 5775 Noumibislscausaeradeliseritii,
921 5711 1049 5779 quisem-
1098 5720 1145 5789 qui
1169 5720 1332 5774 concitarem
1355 5717 1455 5773 formas
1478 5717 1604 5774 decenter
1629 5720 1769 5786 inritatus,
1793 5716 1890 5790 spumei

258 5793 308 5853 per
317 5783 715 5880 ritaegautliaptaestitisti.l3ece
729 5802 933 5861 alumnosmeus
944 5806 1046 5862 subtura
1098 5810 1195 5868 littoris
1209 5811 1302 5867 albore
1316 5811 1477 5881 depingitur.
1497 5810 1574 5866 Circa
1587 5827 1674 5880 quem
1689 5807 1891 5870 eorrreuirmtiu
