4059 6184
125 283 161 340 ιι
738 275 915 334 EDlSTDLAE
935 275 976 330 ΕΤ
995 272 1163 329 usmitan.
1723 273 1756 324 33

126 386 924 463 muntquidamdicere,eteplstolamqrmprmdictaminopie
939 390 961 448 Α
978 384 1117 442 riosissimi
1132 384 1295 442 childeberti
1309 382 1474 440 Francorum
1488 397 1558 452 regns
1571 381 1720 442 Christiana
1730 397 1757 441 nt

127 494 212 542 tatem
230 485 351 542 continet
367 489 519 552 susceptam
537 496 598 537 esse
612 497 627 536 a
639 479 851 536 chalcedonensi
861 493 924 531 san-

975 476 1032 532 Deo
1052 477 1149 547 placita
1173 476 1200 531 in
1219 475 1385 547 perhibendo
1405 475 1482 532 vobis
1495 475 1650 532 testimonio
1662 476 1759 532 volun·

127 573 475 640 ctatconeilio,bortamur
485 587 533 627 vas
543 572 666 627 conferre
676 567 850 641 oaqumdicta
861 574 925 623 sunt
975 575 1016 621 tas
1036 567 1159 623 accessit.
1173 565 1344 636 Quapropter
1357 565 1429 621 vices
1442 575 1549 622 nostras
1563 573 1658 624 vestra
1671 565 1761 622 mnt-

126 665 163 720 ab
178 665 275 720 eodem
285 672 381 720 sancto
395 662 512 718 coneilio
526 661 554 715 in
568 661 726 717 debnitiane
740 676 790 730 pro
806 656 857 713 lide
872 672 922 712 ex·

128 757 232 826 posita,
245 770 305 810 erim
320 753 361 808 bis
370 768 430 822 quar
443 753 471 807 in
492 752 573 823 impia
586 750 699 821 epistola
712 749 725 787 ¹²
740 749 921 812 continentur,

128 857 158 901 nt
171 846 292 917 undiquc
305 853 379 900 reeta
394 843 502 913 quidem
514 840 716 905 contii-mentor,
728 840 809 908 impin
832 847 922 891 autern

125 938 355 993 eonrlemnentur.
366 933 460 987 Dnrrria
472 931 684 1003 igiturpraedieta
697 946 757 984 cum
773 928 845 983 annai
860 927 924 982 sub·

126 1028 227 1080 tilitate
238 1026 431 1092 disceptantes,
442 1021 511 1077 sient
525 1020 681 1076 sacerdotes
694 1017 781 1081 decet,
792 1018 819 1070 iu
833 1023 923 1070 merite

126 1118 262 1170 trabentes
277 1113 323 1168 Dei
339 1114 462 1166 timorem
478 1120 506 1164 et
525 1110 642 1164 futurum
656 1107 798 1178 jrrrlicinnr,
815 1117 843 1161 ct
856 1106 922 1160 nibil

127 1206 223 1275 pietati
237 1215 264 1258 et
279 1213 360 1257 rectas
384 1201 445 1255 dalei
459 1210 487 1256 ct
499 1199 605 1255 veritati
617 1206 644 1254 et
663 1196 709 1250 Dei
725 1197 817 1265 gloria
829 1203 856 1250 et
875 1196 923 1249 bo-

129 1297 189 1350 nori
211 1291 445 1365 paeporrentes,in
458 1297 645 1345 nterrteautem
664 1286 795 1341 babentes
817 1293 846 1339 et
858 1300 924 1355 apo·

129 1384 254 1439 stolieam
267 1380 525 1451 pronuntiationem,
537 1392 595 1447 qum
605 1384 754 1432 contraeas
764 1375 924 1446 qnieontra-

130 1473 170 1526 ria
185 1480 266 1527 rectae
279 1470 339 1524 ddei
356 1467 474 1531 tradunt,
486 1468 591 1538 prolata
602 1475 655 1532 est,
668 1464 808 1520 manifesto
832 1464 924 1519 dioen-

132 1571 204 1616 tem:
220 1559 296 1625 Quod
307 1561 366 1613 licet
377 1576 424 1613 nos
434 1557 472 1612 nef
485 1557 591 1626 angelus
603 1557 635 1610 de
641 1557 704 1611 coefo
714 1554 925 1627 evangelizaverit

131 1652 212 1714 robis,
228 1662 322 1721 praeter
332 1649 482 1722 qaamqaad
491 1649 720 1720 evangelizavimus
732 1645 802 1701 robis
819 1658 841 1710 t,
856 1663 924 1698 ana·

974 660 1023 714 tati
1044 658 1095 713 bne
1110 660 1271 713 anctoritate
1291 656 1500 725 committimus,
1523 665 1552 711 ut
1566 657 1690 712 universa
1701 672 1762 727 qnaa

973 747 1146 803 decessorum
1170 756 1323 804 nostrorum
1336 748 1379 803 vel
1394 762 1528 804 carnonam
1542 756 1642 803 statuta
1663 763 1759 804 sanae·

974 845 1048 904 ιιιιιι,
1063 838 1116 893 Deo
1127 838 1253 907 congruis
1262 837 1388 908 operibus
1399 837 1519 894 faciendo
1527 847 1607 905 atque
1616 836 1757 901 servando,

974 937 1002 983 et
1015 935 1148 993 nostram,
1164 937 1192 983 et
1206 928 1326 998 praedicti
1340 928 1448 997 gloriosi
1462 928 1532 995 regis
1543 927 1674 997 judicium
1688 926 1759 982 circa

973 1016 1133 1071 ebaritatem
1162 1026 1235 1071 tuam
1260 1027 1363 1073 rectum
1388 1014 1468 1072 fnisse
1494 1018 1580 1088 possis
1606 1016 1757 1073 ostendere.

974 1108 1134 1163 Sanctarum
1149 1110 1220 1164 enim
1234 1109 1432 1179 Scripturarnm
1446 1124 1495 1164 nos
1511 1109 1758 1175 docet'auctnritas,

974 1197 1036 1266 qnia
1052 1197 1173 1254 Cbristns
1188 1196 1259 1256 Dens
1269 1199 1398 1253 Dominus
1408 1207 1436 1253 et
1449 1197 1573 1253 Salvator
1586 1207 1678 1255 noster
1688 1198 1760 1268 prius

974 1290 1098 1344 universa
1113 1304 1172 1358 qnae
1183 1289 1252 1344 bona
1264 1298 1327 1345 sunt
1338 1288 1427 1344 facere
1441 1287 1535 1353 voluit,
1545 1301 1626 1356 quam
1640 1286 1738 1343 dovere
1751 1307 1758 1343 ι

974 1380 1103 1448 seriptum
1119 1387 1160 1432 est
1174 1378 1244 1433 enim
1264 1398 1270 1432 ε
1294 1377 1411 1433 Primam
1424 1379 1527 1450 quidem
1547 1393 1689 1432 sermonem
1712 1379 1760 1448 feci

975 1474 1007 1527 de
1026 1472 1183 1538 amartion
1204 1474 1360 1546 Tfreopdile,
1381 1491 1439 1547 qna
1452 1476 1526 1546 erepit
1543 1474 1719 1545 feruefacere
1736 1484 1761 1528 et

975 1567 1067 1622 dooere
1085 1583 1164 1638 usque
1183 1566 1210 1620 in
1231 1566 1314 1634 diem,
1338 1584 1388 1639 qna
1407 1568 1560 1638 praecipiens
1578 1567 1702 1638 apostolls
1716 1583 1762 1635 per

976 1654 1103 1727 Spiritum
1117 1667 1234 1711 sanctam
1254 1674 1317 1729 quos
1331 1659 1407 1727 elegit
1427 1666 1572 1727 assumptas
1591 1665 1629 1711 est
1647 1658 1714 1725 (Aet.
1731 1655 1763 1724 tf.

130 1744 218 1796 “tem
232 1743 275 1796 δι”·
292 1742 365 1795 Sim
386 1741 563 1809 dfoedl'ffmloe·
580 1750 605 1793 0²
619 1737 694 1793 ”¹⁰4⁰
705 1739 796 1792 iterum
809 1737 867 1790 ‘¹5⁶⁰
882 1737 925 1791 ³³5
942 1756 963 1815 Β
976 1749 1043 1804 ltem
1054 1749 1117 1818 quid
1134 1749 1332 1810 commonendo
1344 1749 1514 1805 Timotheum
1534 1749 1630 1804 doctor
1642 1747 1761 1816 gentium

134 1834 195 1905 ‘lif'
221 1833 292 1887 ‘⁰⁶5⁵
317 1831 528 1902 ‘lfnffffim'ffi‘f
558 1838 652 1901 ΡΜ
676 1845 753 1900 flam
779 1829 923 1897 “ifel’fffflv
975 1839 1210 1911 dieattlpostolus,
1222 1839 1415 1895 fraternitatem
1426 1849 1499 1896 tuam
1510 1848 1688 1910 semperante
1698 1853 1763 1893 oeu-

131 1925 273 1977 mmmm
284 1924 317 1976 *ἶ*
328 1921 429 1993 (Galat.
445 1923 475 1992 1)·
488 1920 611 1977 &linies
623 1930 712 1976 aulem
725 1929 752 1975 ⁶¹
773 1918 844 1974 Ρθῐΐῑ
860 1935 925 1990 aD0·
975 1932 1017 1986 los
1027 1931 1126 1986 babere
1140 1930 1307 1986 contutans.
1325 1931 1370 1985 Αιι
1383 1932 1453 1986 enim
1469 1949 1476 1986 ι
1493 1932 1648 2003 Corrfortare
1660 1932 1687 1985 in
1699 1947 1761 2001 qra-

130 2013 197 2068 stoli
222 2024 384 2082 praeceptum
408 2013 540 2068 dicentis:
556 2010 648 2065 Parati
672 2029 771 2081 semper
791 2020 871 2064 estote
891 2009 925 2063 ad

131 2101 340 2172 satisfactionem
365 2103 436 2155 orrrrri
449 2103 543 2171 petenti
562 2118 605 2155 nos
629 2101 755 2154 rationem
770 2100 854 2168 despe
870 2116 926 2170 quta

132 2192 163 2244 in
173 2190 288 2246 robisest
298 2189 324 2253 ll
339 2192 410 2245 f'etr.
418 2192 470 2259 ιιι);
482 2191 608 2247 celeriter
614 2191 647 2246 de
658 2192 699 2246 bis
707 2207 765 2261 qtae
776 2192 926 2259 interroga·

132 2285 234 2348 rimus,
244 2293 361 2340 vestram
389 2284 560 2340 manifestate
584 2284 760 2340 voluntatem.
773 2283 840 2337 Corn
855 2283 926 2337 caim

133 2375 182 2442 qui
197 2373 232 2429 de
254 2383 327 2430 recta
355 2374 409 2430 llde
429 2377 621 2445 interrogatur,
635 2375 679 2431 din
690 2374 842 2445 protrabit;
858 2375 925 2428 nihil

134 2465 207 2518 aliud
228 2473 269 2519 est
279 2466 329 2520 nisi
350 2465 493 2536 abnegatio
508 2475 588 2522 recten
603 2467 789 2523 confessionis.
802 2466 831 2520 Ιιι
846 2466 930 2520 inter·

135 2553 321 2620 rogationibus
346 2554 419 2609 enim
446 2564 474 2610 et
502 2556 637 2626 responsis
660 2571 720 2627 qme
734 2556 767 2611 de
790 2554 842 2611 ilde
853 2563 926 2619 sant,

135 2660 189 2698 non
211 2652 253 2699 est
274 2645 377 2714 primus
389 2646 432 2701 vel
451 2646 594 2713 secundas,
608 2646 655 2700 sed
671 2646 717 2715 qni
734 2646 760 2700 in
775 2654 848 2700 reeta
861 2661 927 2701 arn·

137 2733 257 2789 fassione
267 2736 389 2803 paratior
402 2736 554 2802 irvvenitur,
569 2736 743 2806 acceptabilis
761 2736 830 2807 apud
845 2736 927 2791 Deum

135 2831 190 2876 est.
208 2821 339 2878 Divinitas
365 2840 413 2880 vos
439 2833 528 2881 servet
547 2841 597 2895 per
609 2825 708 2881 multos
730 2841 825 2890 annos,
841 2825 928 2882 sancti

134 2928 169 2969 ac
192 2914 386 2983 religiosissimi
410 2924 510 2986 patres.
526 2915 648 2972 Datum‘¹
664 2933 690 2971 rr
703 2927 813 2972 nonas·
834 2917 928 2984 Malas,

135 3004 391 3076 Constantinopoli,
416 3008 520 3078 imperii
536 3010 637 3065 domini
652 3009 793 3067 iustiniani
807 3013 929 3082 perpetui

977 2023 1013 2075 tia
1027 2037 1085 2092 mre
1098 2029 1136 2074 ert
1149 2022 1177 2075 in
1191 2019 1294 2075 cbristo
1307 2019 1387 2085 feram
1400 2031 1425 2075 et
1437 2036 1495 2092 qnare
1508 2020 1603 2073 audisti
1622 2037 1638 2073 a
1656 2036 1697 2073 me
1718 2037 1763 2090 per

976 2110 1071 2164 rrrnltos
1088 2118 1175 2174 testes,
1191 2111 1246 2163 farre
1260 2110 1411 2163 contonando
1425 2107 1544 2178 fidelibus
1555 2109 1709 2171 dominibus,
1720 2109 1765 2179 qni

975 2200 1063 2255 idonei
1075 2209 1150 2253 munt
1163 2210 1187 2253 et
1203 2199 1269 2253 alios
1281 2199 1371 2254 docere
1382 2199 1426 2268 (ll
1440 2198 1506 2252 Tim.
1519 2201 1547 2267 n)
1556 2215 1564 2264 ;
1574 2207 1603 2253 et
1613 2199 1676 2253 item
1687 2198 1762 2268 ipse:

977 2289 1097 2345 Sollicite
1115 2306 1178 2344 cura
1189 2297 1213 2344 te
1225 2290 1310 2358 ipsam
1323 2288 1480 2360 probabilem
1491 2289 1610 2343 redibere
1620 2286 1684 2353 Deo,
1700 2304 1762 2359 ope-

976 2379 1074 2432 rarium
1089 2380 1304 2449 inconfusibilem,
1325 2389 1392 2434 reete
1408 2388 1560 2433 tractantem
1575 2378 1677 2434 narbam
1695 2381 1762 2433 neri·

978 2467 1039 2522 tatis
1055 2466 1194 2538 (ldidearl;
1208 2477 1236 2522 et
1250 2468 1346 2522 iterum
1364 2486 1370 2520 z
1391 2466 1574 2532 badorasieat
1593 2468 1673 2522 tonus
1690 2468 1766 2523 miles

978 2557 1076 2611 Cirristi
1092 2556 1163 2612 fera.
1182 2556 1304 2628 intellige
1313 2574 1371 2631 qna
1390 2560 1468 2624 dieo:
1484 2557 1554 2613 dabit
1568 2560 1638 2614 enim
1652 2558 1696 2613 tibi
1711 2558 1766 2614 [to-

978 2650 1063 2703 minnr
1080 2651 1107 2703 in
1122 2651 1240 2703 omnibns
1254 2650 1410 2704 intellectum
1422 2648 1555 2722 (ibidem).
1570 2649 1688 2718 Siquam
1700 2663 1766 2718 ergo

979 2742 1050 2796 inter
1064 2741 1160 2797 fratres
1178 2742 1319 2811 diabolos,
1342 2742 1450 2798 bomani
1472 2745 1580 2814 generis
1599 2745 1683 2800 bostis
1697 2744 1766 2799 arni·

978 2848 1058 2903 qous,
1074 2833 1203 2887 zizaniam
1218 2833 1390 2888 seminaverit
1404 2834 1550 2890 calliditate
1564 2835 1689 2904 nequitiae
1702 2851 1767 2890 corr·

979 2932 1084 2988 suetas,
1109 2930 1156 2977 ant
1175 2922 1208 2977 de
1231 2924 1322 2992 aliquo
1336 2924 1505 2979 sacerdotum
1520 2923 1680 2979 fraternitati
1702 2930 1765 2987 tum,

978 3012 1094 3068 servatis
1115 3011 1247 3082 maiorum
1262 3029 1310 3083 per
1324 3014 1414 3069 omnia
1435 3013 1588 3070 constitutis
1607 3013 1687 3068 luerit
1701 3026 1766 3082 que·

137 3095 251 3163 Augusti
267 3113 337 3152 anno
346 3096 391 3164 ιι,
405 3108 466 3169 post
479 3101 649 3157 consulatum
662 3100 753 3156 Basilii
774 3103 824 3157 vivi
835 3103 929 3159 elaris·
941 3125 965 3188 c
979 3102 1037 3164 rela
1052 3102 1173 3173 deposita
1190 3121 1196 3157 :
1212 3101 1340 3160 adhibitis
1353 3103 1401 3159 tibi
1416 3103 1542 3159 fratribus
1560 3112 1587 3158 et
1600 3104 1768 3173 coepiscopis

137 3186 199 3239 simi
215 3201 287 3242 anno
302 3187 345 3241 lt.

173 3276 365 3345 Stephanasct
377 3279 509 3350 Georgius
531 3291 560 3338 et
572 3280 716 3338 Damianos
735 3285 931 3354 religiosissimi

137 3370 271 3439 episcopi,
292 3370 378 3427 vicem
402 3380 512 3442 agentes
537 3372 674 3431 Eustoebii
696 3376 856 3432 sanctissimi
884 3392 932 3448 pa·

140 3458 266 3513 triarebra
291 3459 538 3533 Hierosolymorum,
553 3479 697 3535 perunum
722 3482 754 3521 er
780 3467 855 3537 ipsis,
871 3468 932 3522 Sto-

139 3551 260 3620 phanum
277 3553 505 3622 religiosissimum
524 3555 701 3627 fepiscopum
717 3556 837 3627 llapbia,
854 3557 931 3613 dixe·

139 3650 205 3697 rurrt
220 3662 226 3695 :
240 3642 400 3701 Theodorus
422 3646 462 3701 vir
475 3646 631 3718 inagntlcus
641 3660 731 3712 exeat,
746 3665 807 3705 cum
822 3648 930 3705 satisfe-

139 3732 209 3787 cerit
223 3741 236 3779 ⁸
252 3734 363 3803 piissimi
387 3735 558 3806 imperatoris
570 3735 695 3807 jussioni.
711 3736 818 3793 Etcum
833 3738 934 3794 exisset

141 3823 182 3877 rir
202 3825 359 3893 spectabilis
384 3826 554 3891 silentiarius,
570 3837 663 3883 sancta
687 3827 808 3899 synodus
829 3828 897 3883 dixit
925 3847 931 3882 :

141 3913 233 3971 Certis
245 3918 411 3987 constitutis,
424 3934 484 3989 quae
507 3921 576 3976 lecta
600 3922 731 3991 imperiali
744 3921 828 3977 forma
843 3922 930 3977 conti·

142 4015 253 4070 nentur,
269 4009 397 4077 quoniam
410 4010 482 4066 inter
494 4027 543 4066 nos
557 4021 584 4066 et
596 4011 721 4081 vigilium
735 4013 934 4069 sanctissimum

142 4098 303 4168 antiquioris
318 4098 512 4172 llomapapam
522 4103 619 4174 scripta
630 4104 750 4173 quaedam
765 4103 834 4159 facta
845 4101 933 4159 sunt*¹

143 4192 316 4261 respicientia
329 4193 407 4266 [adde
421 4193 455 4248 ad
478 4205 638 4266 presentem
660 4193 792 4267 cansam],
808 4211 935 4252 neeessa-

142 4284 214 4338 riam
229 4299 289 4339 esse
303 4291 427 4354 putamus
437 4294 499 4341 aute
511 4286 563 4340 alia
576 4287 667 4342 onroia
683 4286 738 4341 lame
749 4285 864 4342 lectione
878 4300 935 4340 ιιιι-

143 4374 276 4430 nifestari.
290 4372 323 4429 m
346 4390 410 4431 eum
431 4377 594 4447 suscepisset
605 4376 759 4447 Stepbanns
772 4375 892 4431 notarius
907 4385 936 4431 et

143 4464 392 4533 instrumentarius,
407 4468 540 4523 recitavit.

271 4577 436 4634 EPlSTOLA
450 4580 522 4651 (olim
537 4578 572 4650 X)
589 4578 700 4635 t'tcltll
716 4576 817 4632 PAPAE

323 4685 540 4725 obambulabat
557 4684 759 4725 tarnatenses.

148 4754 214 4811 Post
224 4758 322 4813 obitam
337 4760 451 4814 dnaanii
463 4776 524 4815 suas
538 4760 679 4814 Aureliana
692 4762 813 4829 episcopa
828 4758 894 4812 nicet
908 4757 936 4812 ιιι

436 4827 522 4883 Gallia
537 4828 647 4900 delegat.

185 4916 362 4975 Dilectissimo
376 4918 450 4974 fratri
465 4919 609 4975 Aureliano
623 4918 742 4987 vigilius.

185 5008 451 5065 administrationem
481 5011 571 5066 vicum
597 5019 749 5065 nostmrum
779 5008 937 5064 fraternitati

145 5108 245 5152 vestras
260 5101 349 5155 animo
362 5099 456 5156 libenti
468 5100 671 5166 committimus,
687 5109 712 5154 et
728 5100 860 5154 eredimus
874 5100 938 5154 cba-

145 5189 238 5243 ritatis
258 5199 355 5242 vestre
377 5187 466 5246 officio
480 5189 587 5244 actibus
607 5189 663 5244 Deo
678 5188 783 5259 placitis
796 5187 938 5256 diligenter

146 5277 278 5331 anniversa
294 5276 439 5346 compleri3
453 5279 562 5347 qnando
571 5287 599 5333 ct
612 5277 708 5333 summi
719 5277 862 5332 sacerdotii
872 5293 937 5331 eorr-

145 5365 236 5421 sortio
250 5381 299 5423 ros
311 5365 408 5436 dignm
420 5368 508 5423 divina
518 5382 578 5425 esse
587 5368 673 5439 gratia
685 5367 824 5437 Jrrdnarn,
839 5376 867 5423 et
877 5368 936 5437 glo·

186 5482 198 5511 ¹
214 5473 328 5532 Veteres
337 5475 407 5542 libri,
419 5487 509 5533 sancto
517 5476 729 5533 Cdafredonertsi.

186 5541 199 5580 δ
216 5542 302 5601 Paris.
326 5553 440 5611 urtam,
453 5548 675 5618 warmume.

188 5623 199 5651 e
217 5612 354 5671 Bellonae.
368 5624 394 5670 et
407 5617 450 5671 iric
463 5627 491 5672 et
501 5619 580 5687 paulo
595 5626 664 5687 post,
680 5632 733 5671 aas.

186 5679 199 5717 f
216 5681 349 5740 Bellonae.
364 5695 391 5740 et
405 5686 598 5752 amarescitis,
615 5686 708 5740 Datur.

192 5749 925 5821 rVeteresllbrimmanas.Sicetiamvetereseditloros.

980 3193 1127 3251 secundum
1147 3194 1305 3263 qualitatem
1326 3195 1428 3264 negotii
1450 3207 1563 3250 numero
1586 3200 1766 3263 competente,

982 3302 1091 3342 cansam
1114 3287 1245 3342 canonica
1269 3295 1296 3342 et
1322 3287 1470 3357 apostoliea
1492 3286 1662 3341 ordinatione
1676 3285 1767 3340 disen-

981 3380 1062 3441 tlens‚
1078 3392 1110 3432 ea
1126 3377 1258 3432 sententia
1272 3374 1392 3442 definies,
1417 3391 1478 3446 qnae
1496 3384 1524 3432 et
1537 3376 1708 3432 decessorum
1720 3389 1769 3429 no·

982 3479 1100 3524 atrorum
1115 3468 1259 3522 conveniat
1278 3469 1394 3533 statutis,
1418 3477 1447 3521 et
1460 3468 1516 3522 Deo
1529 3468 1658 3538 aequitate
1671 3464 1698 3520 in
1711 3480 1769 3520 om·

983 3559 1062 3615 nibus
1081 3558 1201 3628 diligenti
1222 3559 1256 3614 sit
1275 3567 1362 3628 grata.
1383 3558 1411 3614 Si
1426 3558 1497 3628 qnod
1510 3574 1576 3613 aero
1589 3559 1622 3613 de
1641 3558 1770 3627 religione

983 3649 1055 3714 srdei,
1070 3649 1142 3720 quod
1161 3649 1234 3704 Deus
1253 3648 1368 3713 auferat,
1389 3649 1469 3704 fuerit
1481 3656 1619 3704 certamen
1635 3657 1768 3712 exortum,

983 3750 1031 3796 ant
1045 3741 1098 3796 tale
1112 3739 1219 3811 aliquod
1234 3741 1371 3810 negotium
1388 3738 1509 3796 fortassis
1529 3739 1678 3806 emerserit,
1698 3738 1769 3810 qnod

983 3848 1034 3903 pro
1047 3834 1088 3888 sui
1100 3831 1282 3901 magnitudine
1292 3832 1388 3888 ibidem
1399 3840 1515 3902 nequeat
1524 3829 1644 3896 deliniri;
1657 3831 1785 3892 veritate,

983 3922 1123 3987 discussa,
1146 3922 1285 3978 relationis
1297 3924 1367 3979 serie
1386 3922 1520 3987 distincta,
1543 3921 1576 3978 ad
1591 3929 1688 3977 nostrae
1701 3921 1771 3979 selis

984 4012 1208 4069 consultationem
1230 4013 1320 4083 potins
1344 4020 1373 4067 nt
1397 4013 1518 4068 remittas
1538 4011 1693 4077 hortamur:
1709 4012 1770 4081 quia

986 4102 1023 4156 ita
1044 4102 1203 4158 decessores
1220 4112 1344 4167 vestros,
1368 4103 1414 4172 qui
1433 4099 1604 4157 decessorum
1618 4111 1772 4158 nostrorum

985 4191 1060 4248 vices
1069 4192 1157 4262 egisse
1170 4200 1365 4260 monstrantur,
1382 4192 1477 4249 fecisse
1489 4193 1673 4248 testimoniam
1688 4194 1773 4248 nostrl

986 4279 1106 4337 declarat
1128 4281 1219 4337 serinii
1244 4292 1440 4353 :qnatenusea
1462 4280 1636 4353 dispositione
1654 4291 1773 4348 servata,

987 4373 1116 4430 Ecclesiae
1131 4376 1219 4431 unitas
1241 4373 1330 4431 stabili
1352 4372 1477 4428 liranitate
1501 4374 1665 4443 persistens,
1695 4372 1772 4440 pacis

989 4464 1061 4520 bono
1074 4464 1102 4518 iu
1114 4464 1237 4519 omnibus
1255 4462 1407 4533 perfruatur
1422 4479 1428 4515 :
1442 4461 1519 4531 cnjus
1533 4462 1607 4517 velut
1631 4461 1774 4516 baeredita-

989 4555 1058 4610 rinm
1069 4569 1165 4608 munus
1183 4552 1305 4609 Christus
1319 4551 1390 4607 Dens
1404 4551 1532 4607 Dominus
1545 4558 1573 4606 ct
1586 4550 1711 4606 Salvator
1723 4566 1773 4607 no·

989 4654 1064 4712 ster,
1086 4644 1119 4699 ad
1144 4644 1237 4708 coelos,
1262 4642 1333 4699 nude
1347 4658 1483 4713 nunquam
1504 4642 1607 4711 defuit,
1629 4641 1774 4709 rediturus,

989 4733 1127 4804 discipulis
1150 4733 1205 4789 suis
1228 4734 1326 4802 legitur
1347 4733 1507 4802 reliquisse,
1529 4732 1622 4789 dicens
1646 4752 1652 4787 :
1680 4731 1774 4788 Parem

990 4839 1074 4878 mam
1087 4824 1119 4878 do
1133 4824 1221 4889 nolis,
1242 4838 1332 4894 pacem
1352 4839 1434 4877 mearat
1455 4821 1572 4894 relinquo
1595 4820 1664 4877 nobis
1682 4819 1774 4892 (dona.

990 4912 1060 4981 xm).
1075 4910 1108 4964 Et
1127 4919 1156 4965 ut
1169 4910 1293 4967 mairersa
1307 4908 1461 4966 fraternitas
1474 4919 1562 4966 restra
1576 4910 1695 4982 diligenti
1708 4928 1773 4983 pos·

988 5000 1025 5054 sit
1049 4999 1155 5055 ratione
1173 5001 1329 5070 complere,
1351 5000 1504 5070 episcopis,
1529 5001 1625 5071 quibus
1645 5017 1695 5072 pro
1715 5001 1775 5056 vire

988 5102 1081 5149 nostra
1095 5103 1248 5164 tepraeesse
1262 5093 1403 5159 voluimus,
1416 5110 1466 5149 nos
1479 5101 1612 5164 precepta
1626 5091 1775 5147 destinasse

988 5186 1142 5254 signamus,
1165 5193 1194 5239 ut
1206 5193 1234 5240 et
1246 5184 1284 5239 illi
1298 5184 1375 5240 vobis
1387 5184 1566 5239 obedientiam
1581 5181 1708 5237 exhibere
1726 5180 1774 5237 de·

990 5278 1072 5333 beant
1083 5284 1290 5346 competentem,
1305 5282 1333 5330 et
1346 5273 1500 5330 fraternitas
1520 5281 1565 5327 tua
1577 5286 1625 5329 eos
1638 5271 1665 5326 in
1677 5271 1775 5328 Christi

990 5370 1123 5428 charitate
1145 5369 1345 5438 complectens,
1374 5365 1504 5435 exemplis
1527 5364 1658 5419 bonorum
1685 5366 1776 5434 potius

1029 5476 1038 5515 ¹
1053 5477 1166 5534 Veteres
1178 5476 1246 5540 libri,
1258 5474 1499 5530 reverentissimum.

1026 5556 1039 5595 ι
1050 5545 1149 5611 Paris,
1160 5547 1203 5617 qai
1213 5560 1271 5598 cum
1284 5543 1418 5613 satisfecit.

1025 5614 1038 5654 h
1051 5612 1321 5683 mgenonmaanraa
1329 5618 1481 5692 presentem
1489 5626 1593 5666 eaamm
1601 5610 1774 5681 respicientia.

989 5684 1112 5809 ΝιιιιιΗιιι
1123 5693 1164 5739 est
1179 5681 1398 5754 typographicam
1412 5680 1537 5739 editionis
1555 5679 1714 5747 odonna,
1730 5679 1776 5738 bie

988 5771 1066 5811 carten
1085 5763 1168 5809 atum.
