4059 6184
149 313 204 372 m
836 311 1100 371 cantatoribus.
1616 382 1620 389 .
1737 316 1789 377 tat

185 427 287 486 Eadem
300 426 459 501 prodtemnr
471 429 505 484 de
519 428 573 484 alio
593 426 745 498 Tripontite
768 427 847 492 loco,
862 427 944 483 ninni-
959 441 982 497 g
997 426 1166 498 potissimum
1179 428 1372 497 perstringunt,
1385 429 1482 498 quibus
1492 429 1519 485 iu
1530 428 1719 498 consignandis
1729 449 1791 492 con·

150 499 252 556 ruram
274 513 306 554 aa
328 539 335 553 .
361 498 396 555 aa
410 498 530 568 ejusdem
546 499 618 565 libri,
634 497 679 553 nbi
693 498 733 552 sic
747 495 945 553 exSozomeuo
996 498 1084 553 sulum
1096 498 1199 553 lastisa
1214 497 1322 553 Tiberio
1336 499 1442 554 Caesare
1456 501 1584 568 usquead
1596 500 1791 562 Diocletianum

148 516 336 626 maenuba
359 586 412 641 qua
434 567 564 635 Ecclesia,
590 569 617 623 id
641 576 685 624 est
712 567 843 630 Romana,
865 583 946 639 neque
997 575 1093 621 auctor
1107 568 1239 623 adhesit:
1254 567 1408 624 sedendam
1426 584 1546 625 censurae
1570 572 1713 628 serenioris
1726 586 1791 633 uota

146 641 296 711 ιριιωριιι,
320 654 401 709 neque
414 640 480 693 aller
493 641 628 711 qaisquam
641 654 730 692 corani
748 637 843 706 populo
853 637 945 704 dacel,·
997 634 1132 703 Prospero
1142 646 1218 692 tanto
1238 637 1308 702 uiro,
1325 648 1351 692 et
1363 637 1483 693 Victoria
1505 639 1575 694 inuri
1588 641 1708 709 deberet,
1730 648 1792 715 qui·

148 711 176 765 id
188 708 287 765 falsum
297 723 358 764 esse
369 709 490 779 plerique
503 707 652 764 doctissimi
666 708 842 769 contendunt,
858 720 946 776 nequa
997 705 1047 761 bus
1059 706 1138 771 forte,
1150 708 1228 762 utait
1237 706 1543 779 Bucheriuleonnneiit.
1557 711 1586 763 in
1601 709 1699 766 Victor.
1711 713 1789 782 Can,

146 786 224 835 certe
238 779 376 848 quomodo
389 792 483 834 rerum
506 792 566 833 esse
579 779 665 847 possit
680 777 811 833 videmus.
831 774 885 832 Sed
899 777 946 848 qui
996 792 1055 847 cap.
1072 774 1131 848 ιι),
1157 777 1344 833 confusionem
1367 779 1445 833 istam
1467 779 1592 834 immanis
1617 780 1791 842 suffectanum

147 849 207 905 lieri
222 849 344 918 potuerit
357 856 387 902 ut
399 863 432 903 ea
455 862 516 918 quae
537 847 691 917 praecedunt
703 855 731 901 et
747 847 946 927 subsequuntur
995 859 1087 969 geren
1100 855 1222 916 tempora
1232 848 1374 903 consulum
1388 847 1495 915 farrago
1505 851 1618 919 peperit.
1631 851 1718 907 dliam
1732 856 1791 926 ipse

146 918 354 989 praetermiserit
367 916 494 980 Senator,
519 927 547 971 ei
568 917 614 972 illa
638 925 743 971 mnium
762 917 944 986 exscripserit,
1018 914 1116 981 catiger
1138 931 1249 972 causam
1269 916 1373 973 indicat
1387 916 1437 987 (la
1452 916 1531 974 Notis
1554 921 1588 973 ad
1602 918 1710 988 unci,
1726 941 1790 1000 paq,

146 1003 208 1076 qaae
217 987 288 1044 falsa
300 1002 360 1044 esse
373 987 589 1043 nominatissima
602 987 731 1042 nouerat?
743 984 788 1040 Sic
801 986 873 1041 enini
885 996 947 1056 post
997 983 1043 1052 96,
1058 984 1126 1055 ιιι)
1141 1001 1190 1041 cur
1204 1003 1219 1041 a
1234 988 1306 1043 reris
1316 989 1427 1057 epochis
1441 989 1574 1044 tantillum
1588 988 1728 1048 deflexerit
1739 1013 1790 1050 au·

146 1058 307 1115 Cassiodori
318 1058 400 1113 uerba
415 1071 478 1111 rnox
488 1060 570 1111 citata
582 1056 754 1127 prosequitur
763 1054 944 1111 sozomenus:
996 1064 1066 1116 ator,
1091 1056 1195 1111 seilicet
1208 1056 1282 1125 quod
1298 1056 1415 1114 Eusebio
1434 1058 1504 1114 duce
1524 1060 1693 1116 consulatum
1717 1062 1790 1121 danii

147 1127 203 1183 Sed
218 1127 291 1199 apud
312 1126 505 1182 Alcaanrlrinoa
532 1126 603 1181 solus
622 1126 732 1179 ciuitatis
759 1124 947 1181 Alexandnnn
995 1123 1072 1178 Bruti
1085 1141 1137 1179 nna
1147 1126 1251 1195 integra
1266 1127 1419 1198 olympiade
1434 1130 1601 1197 superiorem
1615 1129 1720 1189 fecerit.
1736 1133 1791 1192 Sed

145 1199 287 1269 ιριιιοριι
299 1198 476 1259 condonatur,
490 1212 567 1267 quani
581 1195 807 1259 consuetudinem,
822 1211 880 1249 aum
900 1211 947 1249 an·
996 1193 1089 1263 lapsus
1102 1195 1155 1259 bic,
1170 1196 1276 1252 etiamsi
1288 1204 1361 1252 essct
1374 1206 1465 1253 certus
1478 1206 1506 1252 et
1520 1214 1610 1267 verus,
1624 1208 1683 1257 slne
1695 1218 1792 1275 super·

147 1278 188 1322 teu
202 1285 258 1322 aon
274 1267 375 1338 sainct,
389 1266 564 1320 introductam
586 1281 642 1320 ease
652 1265 748 1335 seruiit,
763 1279 795 1317 ea
808 1263 946 1335 quadrina
996 1264 1059 1318 cilio
1074 1266 1268 1323 condonandus
1282 1275 1342 1321 erat
1357 1269 1413 1322 viro
1435 1267 1469 1323 de
1483 1269 1580 1325 litteris
1602 1272 1788 1343 meritissimo,

134 1336 284 1420 presbyter
298 1337 331 1391 de
355 1337 473 1391 doctrina
490 1335 553 1405 fidei
575 1335 706 1390 diceneus
730 1350 797 1389 noan
823 1334 946 1405 dogmata
996 1333 1225 1401 majoribusruris
1246 1337 1345 1400 obsito,
1359 1338 1442 1393 totius
1464 1340 1538 1407 regni
1556 1339 1662 1396 Gothici
1676 1342 1790 1413 Atlanti,

146 1417 259 1462 mmet.
270 1405 336 1462 Haec
349 1406 450 1471 omnia,
465 1421 519 1460 non
534 1413 625 1460 tannen
640 1404 715 1473 plura
730 1404 830 1459 omittit
839 1404 947 1460 Cassio-
997 1414 1025 1457 et
1033 1404 1220 1473 gravissimum
1228 1408 1368 1461 sententiae
1378 1422 1434 1462 sun
1444 1416 1540 1464 testem
1552 1410 1661 1474 citaull3
1672 1415 1790 1470 maxime

146 1479 245 1532 dorius.
260 1477 313 1533 Cui
336 1490 401 1544 ergo
425 1475 565 1545 probabile
592 1473 726 1530 ridebitur
752 1473 848 1529 italum
862 1473 944 1539 ltalia,
997 1487 1058 1527 cum
1073 1474 1118 1528 alii
1132 1475 1221 1530 ruinus
1244 1477 1364 1532 distracti
1381 1479 1490 1544 gravius
1504 1487 1617 1548 peccent
1628 1482 1697 1537 citra
1712 1482 1791 1540 famae

146 1547 277 1602 abbatem
288 1545 426 1602 monachis
434 1545 491 1601 suis
501 1544 662 1600 scribentem
674 1558 777 1613 eaquae
785 1543 946 1599 liomaelleri
997 1543 1180 1612 dispendium,
1196 1555 1224 1600 et
1248 1547 1356 1601 nemine
1375 1561 1424 1616 sug
1442 1548 1544 1603 illaute.
1560 1547 1631 1616 Quid
1646 1552 1719 1619 quod
1738 1555 1791 1624 ipsi

147 1613 219 1673 falso
240 1616 414 1687 putabantur,
438 1622 605 1670 exauctare
627 1614 723 1669 Graeco
747 1612 890 1680 retulisse;
911 1629 946 1670 ca
997 1615 1339 1672 tammorosicarillatorcs
1351 1562 1505 1687 0nupbrius
1518 1626 1546 1672 ct
1558 1618 1679 1688 Scabger
1690 1637 1790 1692 negare

147 1702 217 1742 rero
232 1700 293 1757 quse
304 1685 473 1741 Menandriae
482 1686 654 1754 gerebantur,
670 1685 733 1739 licet
742 1697 806 1739 vera
816 1692 946 1740 etnotatu
997 1697 1052 1737 non
1063 1691 1176 1751 possunt
1187 1685 1258 1742 istud
1272 1685 1411 1742 Senatoris
1424 1687 1578 1744 Chronicon
1590 1689 1704 1760 plurium
1719 1695 1790 1750 rotis

147 1755 320 1824 dignissima,
331 1756 455 1811 consulto
474 1754 607 1810 tacuisse?
996 1753 1170 1821 satisfecisse,
1180 1756 1227 1823 qui
1239 1762 1288 1811 res'
1296 1757 1494 1813 ecclesiasticas
1508 1767 1536 1813 et
1555 1759 1660 1829 imperii
1675 1760 1790 1819 Romani

182 1825 211 1883 ds
222 1826 315 1881 forsan
329 1824 432 1881 felicius
444 1824 614 1889 divinaverit,
628 1823 674 1895 qui
687 1821 816 1878 mendum
836 1823 945 1894 aliquod
962 1816 982 1875 Β
997 1821 1094 1879 litteris
1104 1825 1316 1893 consignarunt:
1330 1827 1383 1883 imo
1397 1841 1464 1883 vero
1477 1842 1510 1883 eo
1521 1830 1602 1883 etiarn
1615 1831 1671 1886 suis
1684 1840 1790 1889 utrum·

147 1895 256 1951 librarii
267 1896 409 1952 oscitantia
424 1894 451 1950 in
463 1893 637 1964 tripartitam
656 1892 822 1964 subrepsisse
832 1908 946 1963 augura·
997 1906 1050 1961 que
1064 1893 1091 1947 iii
1105 1895 1230 1963 operibus
1241 1912 1291 1952 nec
1306 1898 1456 1960 inuite,nec
1465 1896 1607 1955 infeliciter
1620 1916 1697 1955 usum
1707 1900 1791 1961 fuisse

147 1966 235 2021 bitur.
246 1964 391 2021 Enimuero
401 1963 430 2019 S.
445 1962 606 2020 Theudorici
618 1963 703 2019 codex
718 1977 767 2032 pro
777 1963 860 2020 verbo
872 1964 947 2019 docet
996 1976 1069 2031 saepe
1081 1964 1179 2034 sapius
1206 1967 1358 2021 cernimus?
1371 1966 1442 2034 Quid
1462 1968 1534 2036 quod
1549 1969 1607 2038 ipse
1630 1972 1790 2039 suggillator

148 2036 218 2106 legit
231 2037 312 2101 dicim
326 2050 386 2106 quse
402 2034 510 2105 quidem
524 2034 605 2090 lectio
619 2033 701 2088 alium
724 2033 835 2087 omnino
849 2049 882 2089 ac
903 2049 947 2089 ve-
997 2028 1152 2102 Onupbrius
1167 2033 1266 2090 fatetur
1279 2037 1323 2093 rel
1338 2037 1436 2091 invitas
1446 2038 1530 2093 sibiin
1542 2039 1633 2094 multis
1647 2040 1791 2099 Castola

148 2107 291 2163 rissimum
304 2104 516 2160 sensumcllicit.
531 2103 653 2159 lbienim
672 2102 707 2158 de
717 2104 822 2159 cantico
834 2102 947 2159 Alleluia
996 2116 1057 2155 rum
1072 2103 1244 2173 praeluxisse?
1264 2104 1333 2173 Quid
1359 2104 1469 2161 tandem
1492 2108 1566 2176 quod
1586 2109 1707 2177 Scaliger
1719 2114 1788 2183 ipse,

148 2177 208 2245 agit
218 2174 397 2233 Camiodorus
416 2174 444 2229 in
458 2174 530 2230 bunc
542 2173 651 2229 modum
667 2171 762 2244 :Apud
773 2172 905 2229 llonianm
919 2175 947 2228 ιιι
997 2169 1062 2225 licet
1075 2171 1196 2239 ejusdem
1210 2190 1272 2229 cnui
1288 2173 1409 2231 Panuino
1419 2177 1561 2242 stomachi,
1586 2180 1686 2234 multas
1709 2196 1791 2250 agno·

148 2262 307 2318 animoque
318 2262 389 2300 anna
399 2244 477 2299 semel
486 2244 600 2315 psallunt
614 2242 724 2297 Alleluia
737 2243 827 2363 ἶιιιιιο
840 2242 883 2298 die
897 2243 948 2298 Pa·
997 2241 1050 2296 scit
1065 2240 1110 2310 (ln
1123 2240 1200 2323 daie
1213 2245 1249 2298 ad
1261 2243 1370 2313 hareb,
1384 2260 1445 2368 pag.
1462 2245 1479 2300 9
1491 2253 1517 2300 et
1527 2251 1614 2319 seqq.)
1629 2248 1789 2308 Senatoreni

149 2318 233 2381 aba,
244 2317 284 2371 ita
294 2324 323 2369 ιιι
337 2313 452 2370 diamani
468 2330 516 2384 pra
532 2314 682 2385 juramento
702 2313 736 2366 lia
753 2322 824 2377 eant,
838 2322 866 2366 iit
880 2314 948 2368 duna
997 2318 1118 2391 nostrum
1135 2320 1170 2367 ita
1194 2315 1328 2370 studuisse
1352 2315 1421 2369 Ense
1441 2315 1467 2368 io
1481 2324 1511 2370 et
1522 2315 1698 2390 Hieronymo,
1714 2331 1744 2375 ut
1754 2338 1789 2377 ne

149 2387 280 2457 ιῃιιιιιιιιι
293 2386 385 2440 audire
409 2394 567 2440 mereantur.
578 2382 678 2440 Valesii
701 2383 790 2441 versio
802 2382 903 2438 babet:
918 2393 947 2437 at
997 2383 1086 2434 verbis
1099 2382 1206 2450 quidem
1226 2384 1261 2439 ab
1282 2384 1316 2439 iis
1340 2384 1498 2441 dissensisse
1511 2386 1653 2442 rideaturl
1666 2388 1789 2447 atcerte

149 2456 221 2511 lane
235 2457 361 2527 hymnam
375 2455 466 2509 audire
490 2462 515 2508 et
536 2469 629 2507 canna
651 2452 717 2523 ipsis
741 2454 885 2535 contioque.
899 2452 948 2509 ilis
996 2464 1053 2505 unii
1066 2450 1115 2506 hos
1127 2455 1374 2525 lantum,quamvis
1383 2454 1512 2525 optimos,
1525 2457 1575 2511 vise
1585 2456 1666 2514 duces
1678 2459 1787 2525 babuit;

148 2525 433 2595 onndnuosubiungit
446 2523 609 2594 Tripartita:
623 2521 657 2576 fii
671 2539 722 2594 qna
735 2521 854 2576 Ecetram
868 2539 948 2595 neque
997 2528 1108 2576 secutus
1122 2530 1164 2577 est
1176 2525 1258 2578 etiam
1280 2523 1369 2580 Titum
1384 2523 1498 2589 binium,
1513 2525 1648 2581 Aufidium
1663 2528 1787 2597 Bassum,

149 2599 302 2667 ιριιιοριιι,
317 2611 398 2667 neque
418 2596 484 2649 ultn
533 2596 539 2607 ‘
588 2609 630 2649 ain
647 2608 736 2647 coram
756 2608 789 2662 po
827 2594 852 2647 lo
873 2593 946 2659 dicit,
998 2586 1164 2655 Paschalem,
1189 2593 1279 2659 idest,
1301 2603 1332 2649 ut
1356 2595 1394 2650 ait
1420 2594 1568 2651 bucherius
1583 2595 1736 2666 (Commeat.
1760 2603 1789 2655 in

149 2666 251 2748 supple
278 2665 345 2747 illud
386 2664 483 2746 minum
496 2610 613 2746 mdia
638 2661 770 2744 paschale.
809 2675 841 2717 ec
866 2662 948 2717 aliam
1003 2656 1102 2742 Victor.
1116 2660 1335 2746 Can.,„rap.lb),
1360 2664 1515 2747 fasciolam
1528 2663 1636 2720 Victorii
1647 2683 1787 2753 ⁶.“”⁰'⁸,⁶'¹33

149 2731 949 2872 bremia*ininitiabili.tihi
997 2734 1788 2879 iiiiiiiiiiiifdiibibiiid'idniibd

151 2891 288 2948 misquam
302 2875 375 2947 quod
390 2874 427 2931 ibi
439 2874 474 2930 de
485 2872 700 2929 Alexandrinisa
714 2870 866 2927 Soaomeno
879 2872 950 2930 dice-
1000 2869 1082 2952 lixum
1097 2887 1157 2953 esse
1170 2874 1264 2955 uoluit.

150 2946 233 3002 batur
244 2947 354 3003 silentio
363 2943 580 3015 praetermisisset
592 2942 772 3024 fraudulento.
781 2941 873 3023 Neque
884 2957 948 3000 nero
1012 3009 1018 3022 ι
1035 2939 1173 3024 Libeiiuus
1185 2943 1401 3026 igitur'Baronio,
1414 2945 1545 3002 llucberio
1555 2953 1583 3002 et
1592 2945 1686 3003 lurelo
1699 2963 1791 3007 assen-

149 3017 312 3142 ffiarerim
326 3016 354 3071 in
364 3014 459 3071 Graeca
468 3013 612 3071 sozomeni
624 3012 737 3068 historia
751 3012 804 3080 legi
815 3012 945 3070 ιιιὰσκιιι
1000 3018 1063 3080 tior,
1078 3026 1123 3081 qni
1138 3027 1168 3067 re
1181 3022 1310 3068 maturius
1323 3029 1450 3085 expensa,
1464 3030 1519 3071 noii
1532 3018 1644 3082 auctori,
1665 3018 1713 3073 sed
1725 3022 1790 3077 scri·

212 3087 278 3159 quis
290 3100 412 3142 asserere
421 3086 519 3140 audeat
531 3092 688 3154 corruptum
697 3097 753 3138 uon
766 3080 848 3138 fuisse
861 3080 948 3139 Gracci
998 3080 1240 3152 barnmimpcrine
1246 3085 1479 3154 parachronismos
1488 3088 1786 3156 censentimpntandos.

150 3157 273 3213 auctoris
286 3158 411 3212 ιιιιιιιιιι
429 3154 524 3211 Sciam
537 3168 633 3211 omnes
645 3167 725 3222 quam
748 3152 776 3207 in
787 3150 887 3208 Grecis
900 3152 948 3209 de-
960 3184 983 3247 c
999 3148 1163 3230 Nequeucro
1174 3152 1208 3209 iis
1219 3154 1384 3210 reluctanter
1393 3155 1562 3212 subscribent
1568 3155 1677 3218 eruditi,
1689 3160 1788 3227 quibus

150 3226 307 3283 ardenne
320 3224 405 3281 facilis
416 3226 452 3281 sit
464 3223 650 3294 imperitorum
664 3223 833 3279 librariorum
844 3222 946 3293 inpane
1000 3218 1110 3274 dubium
1131 3237 1261 3291 nusquam
1275 3238 1335 3283 esse
1359 3232 1462 3296 potest,
1487 3241 1568 3295 quam
1596 3224 1674 3282 facile
1695 3229 1788 3287 isthec

150 3296 272 3366 altarem
287 3294 378 3352 forsan
399 3294 602 3366 deprehendent
618 3292 761 3363 aliquando
774 3293 896 3348 veritatis
918 3301 948 3348 et
999 3288 1181 3360 chronologia
1194 3294 1301 3363 menda,
1316 3309 1375 3364 qun
1386 3296 1483 3365 annila
1493 3297 1519 3350 iii
1530 3295 1714 3354 describendis
1725 3315 1788 3357 con·

150 3367 327 3437 antiquitatis
340 3375 486 3429 amatores,
501 3365 524 3420 si
537 3365 565 3419 in
579 3362 699 3419 melioris
712 3370 784 3418 notre
797 3363 948 3419 manuscri-
997 3359 1086 3414 sulum
1100 3362 1252 3420 nominibus
1273 3365 1359 3435 posita
1379 3375 1452 3430 sunt,
1475 3365 1518 3422 rel
1539 3368 1732 3438 typographiae,
1744 3372 1788 3428 vel

151 3445 215 3507 ptos
229 3436 341 3493 codices
351 3434 460 3491 Graecos
473 3434 625 3501 inciderint,
637 3433 681 3489 rel
690 3440 765 3488 certe
776 3431 841 3487 illud
855 3447 948 3488 emen·
999 3432 1201 3486 amanuensium
1217 3435 1281 3490 ritio
1291 3435 1447 3505 subrepant.
1463 3435 1526 3492 llaec
1538 3435 1639 3505 itaque,
1656 3446 1686 3493 ut
1698 3455 1787 3508 quan-

152 3507 257 3562 dahunl
270 3520 306 3561 ex
329 3506 410 3562 rariis
423 3504 576 3588 'tripartita
589 3519 653 3559 mss.
667 3502 814 3565 codicibus,
829 3516 898 3571 quos
912 3517 947 3559 ex
998 3505 1056 3552 lum
1077 3501 1155 3556 nobis
1177 3501 1262 3571 licuit,
1282 3506 1490 3560 emendarentur
1523 3520 1620 3561 noram
1633 3505 1788 3566 Cassiodori
1888 3516 1891 3523 '

152 3577 215 3632 aliis
230 3576 415 3645 bibliothecis,
435 3576 481 3631 nbi
503 3574 674 3639 delitescunt,
697 3572 798 3628 babere
819 3587 874 3628 non
897 3586 947 3644 po-
996 3568 1282 3651 noslriCliianicaruni
1295 3574 1442 3630 editionem
1465 3546 1500 3629 ad
1519 3584 1641 3630 ueterum
1666 3581 1787 3634 omnium

152 3648 265 3703 lmmm.
997 3651 1126 3695 amussim
1140 3641 1353 3699 delineavimus:
1377 3646 1511 3716 praecipue
1535 3652 1625 3699 tamen
1645 3645 1786 3716 0nupbrin

189 3717 367 3788 Tripartitam
380 3732 456 3774 snam
466 3731 527 3773 eum
536 3714 675 3784 colligeret
685 3712 869 3777 Cassiodorus,
882 3728 947 3784 prn-
997 3716 1026 3763 et
1035 3706 1200 3834 (laspiniano
1214 3713 1385 3783 adhesimus,
1397 3716 1444 3784 qui
1458 3715 1656 3784 manuscriptos
1673 3732 1703 3772 se
1715 3720 1788 3774 coeli.

153 3792 196 3842 ter
209 3799 354 3843 auctorum
368 3788 477 3844 nomina
492 3786 592 3843 nullum
607 3792 655 3839 aut
676 3783 783 3845 librum,
796 3790 843 3837 aut
858 3784 946 3838 locum
997 3793 1045 3835 ces
1056 3795 1083 3862 ιι
1103 3795 1156 3839 isse
1178 3791 1320 3839 testantur.
1333 3784 1421 3854 dique
1435 3799 1529 3840 omnes
1541 3800 1634 3839 eorum
1646 3786 1784 3854 lectiones,

154 3858 225 3913 nude
241 3858 326 3912 rerba
339 3864 517 3919 mutuaretur,
533 3855 607 3911 ullibi
625 3869 641 3908 a
661 3854 740 3909 eruit.
764 3852 947 3921 Quamobrem
996 3858 1209 3922 quotiescunque
1224 3855 1405 3921 radanemnt,
1421 3855 1498 3910 sicin
1511 3854 1675 3923 marginibus
1687 3860 1787 3915 nonnis

153 3941 206 3983 nec
218 3926 376 3997 injucunda,
388 3935 416 3982 ut
424 3935 501 3998 puta,
511 3941 563 3982 nee
575 3872 675 3980 inntiris
688 3925 741 3980 erit
754 3922 849 3980 lecton
863 3937 946 3992 opera
996 3918 1195 4003 adnotavimus,
1207 3930 1238 3978 ut
1252 3925 1317 3980 nibil
1329 3925 1402 3997 equod
1413 3925 1439 3979 in
1452 3927 1576 3980 omnibus
1589 3924 1648 3981 aliis
1661 3927 1787 3985 editioni·

154 4006 258 4062 nostra,
274 4011 329 4068 qna
342 3998 473 4068 cujusque
486 3995 625 4066 scriptoris
640 3994 751 4061 librum,
764 4000 886 4064 caputet
898 4008 947 4063 pa·
996 3989 1047 4072 hus
1057 4001 1203 4072 invenitur,
1219 3993 1348 4051 innostra
1363 3995 1448 4066 possit
1460 3995 1494 4049 ab
1507 3995 1614 4051 erudito
1626 3994 1730 4054 lectore
1742 4000 1788 4055 dc·

153 4067 180 4134 gi
256 4067 336 4137 iusta
350 4066 454 4123 Christo
476 4062 886 4130 borsonietilalesiieditiones,
901 4064 946 4118 ubi
996 4061 1121 4116 siderari.
1135 4060 1385 4130 Adjccinnseiian
1399 4065 1432 4120 ad
1450 4064 1733 4123 hmchronicaCom
1756 4087 1787 4125 u·

153 4150 186 4190 ea
197 4137 232 4191 ha
270 4145 334 4192 ntur
346 4151 406 4207 quae
419 4138 446 4192 in
456 4081 604 4205 Ptripartita
616 4144 715 4193 ‚nostra
727 4133 858 4202 descripta
872 4144 944 4199 sunt,
996 4137 1053 4184 tum
1066 4128 1206 4212 faschale,
1217 4133 1251 4189 de
1264 4150 1319 4205 quo
1334 4136 1385 4190 sub
1399 4136 1480 4191 linem
1493 4134 1554 4191 ritae
1567 4134 1723 4193 Cassiodori
1736 4085 1787 4197 Re-

152 4204 181 4260 in
208 4207 378 4274 marginibus
402 4208 587 4263 indicarimus.
602 4204 713 4272 Quoties
737 4214 826 4257 tamen
850 4204 946 4258 eadem
995 4209 1197 4272 natorispauca
1212 4202 1385 4260 disseremus.

151 4286 218 4331 sunt
243 4277 316 4347 apud
339 4285 483 4347 utrumque
506 4277 605 4344 capita,
625 4274 658 4329 iis
684 4272 784 4340 citatis,
797 4271 946 4328 Valesiann
1032 4269 1177 4349 dilatoriam
1190 4271 1331 4329 Galliarum
1345 4276 1372 4330 in
1390 4275 1532 4332 duodecim
1555 4275 1638 4333 libros
1660 4279 1785 4348 partitam

152 4353 263 4401 tantum
272 4346 398 4403 editionis
410 4346 547 4417 paginam,
562 4353 590 4400 et
609 4345 730 4399 locorum
743 4344 857 4397 indicem
873 4343 945 4398 litte·
995 4339 1118 4395 ediderat
1129 4339 1317 4408 Cassiodorus,
1328 4346 1542 4401 utconstabitex
1552 4346 1673 4403 dicendis
1688 4349 1714 4400 in
1728 4351 1786 4417 ejus

151 4430 211 4471 ram
227 4416 437 4485 indigitarimus.
452 4416 585 4471 Caeterum
599 4412 763 4484 utraqueilla
775 4412 893 4468 editione
907 4413 944 4468 ita
994 4409 1189 4479 remeatque
1210 4410 1266 4468 fato
1279 4415 1391 4484 perierit
1405 4414 1494 4472 nullus
1515 4416 1622 4482 dixerit,
1638 4431 1718 4474 nemo
1732 4434 1785 4475 non

151 4486 194 4541 nsi
204 4501 310 4551 summ,
326 4495 356 4541 nt
367 4487 394 4541 in
406 4484 601 4542 difficilioribus
613 4491 642 4539 et
655 4483 682 4537 iu
697 4482 756 4539 aliis
766 4482 944 4538 nellibrario·
995 4478 1103 4534 inierit.
1119 4478 1323 4562 Tantnmthunc
1343 4483 1464 4539 omnium
1486 4498 1630 4540 maerorem
1650 4494 1787 4559 utcunque

151 4568 213 4611 nm
225 4556 496 4627 interpunctionibus,
518 4554 562 4610 vel
575 4554 820 4624 orthographorum
834 4551 945 4622 imperi·
958 4550 982 4611 ιι
995 4549 1086 4629 levare
1100 4556 1188 4618 potest
1202 4551 1281 4620 bunos
1298 4552 1417 4608 historice
1428 4555 1505 4622 qnasi
1518 4556 1652 4624 synopsis,
1667 4565 1696 4612 ei
1707 4573 1784 4613 com.
1813 4616 1815 4620 Ι

151 4625 190 4679 tia
204 4625 359 4696 depravatis
379 4625 531 4696 Tripartitrc
553 4624 620 4679 locis
642 4621 825 4683 emendationi
845 4629 943 4677 nostran
994 4618 1123 4688 pendiosa
1138 4617 1278 4686 reductio,
1298 4637 1379 4691 quam
1402 4619 1552 4680 domandas
1577 4640 1625 4680 seu
1651 4625 1786 4683 ,fomanus

150 4692 244 4751 lucem
259 4710 315 4753 non
328 4696 461 4751 modicam
472 4694 626 4759 attulerint,
641 4706 674 4749 ac
687 4691 795 4747 undeni
810 4691 880 4746 ubia
895 4706 944 4747 no·
995 4691 1139 4812 9⁹i⁵9⁰fq¹¹⁸
1152 4687 1305 4757 liarennas,
1318 4707 1352 4747 ex
1366 4706 1400 4748 eo
1409 4691 1559 4761 mdectani,
1575 4697 1728 4765 posteritati
1741 4714 1786 4754 re·

149 4764 368 4822 ahmcodinbus
378 4765 569 4822 msseteditis
583 4759 945 4834 praecipuedissiderent,ad
995 4758 1082 4829 liquit.
1115 4772 1204 4829 eergo
1216 4762 1316 4831 aliquid
1325 4761 1479 4819 Cassiodori
1492 4778 1606 4835 operum
1621 4766 1786 4835 diligentiam

150 4842 246 4891 tertiis
259 4835 344 4891 nonni
351 4851 415 4892 oras
422 4834 565 4904 aliquando
575 4834 735 4889 domuimus.
744 4831 838 4888 Plures
845 4829 945 4887 ibidem
995 4835 1117 4909 nostram
1130 4828 1242 4900 fugeret,
1258 4840 1360 4888 tomum
1374 4832 1445 4889 bunc
1458 4833 1565 4891 claudet
1581 4835 1627 4890 illa
1647 4835 1786 4892 senatoris

210 4904 413 4961 iusaddidimus
435 4920 495 4961 aare
511 4903 668 4960 Christianae
683 4917 777 4967 annos,
791 4901 945 4958 consulibus
996 4899 1115 4954 historie
1128 4899 1218 4957 brevis
1231 4910 1259 4956 et
1279 4902 1412 4972 exquisita
1434 4904 1570 4973 collectio,
1584 4919 1644 4974 qnae
1657 4908 1691 4960 de
1704 4906 1786 4961 (icta-

150 4976 180 5031 in
221 4976 347 5045 ripartita
360 4976 461 5031 notatis
478 4976 557 5045 juxta
569 4971 945 5030 CassiodoriCbroniconre·
996 4982 1069 5036 rom,
1083 4969 1141 5050 sive
1160 4969 1310 5027 Gothorum
1329 4973 1433 5043 origine
1447 4983 1475 5030 et
1494 4976 1575 5030 rebus
1587 4974 1671 5043 gestis
1684 4976 1717 5030 ad
1732 4976 1785 5030 Ca-

149 5045 332 5116 spondentes,
346 5061 414 5115 quos
428 5046 463 5100 ab
474 5060 547 5101 anno
561 5042 660 5099 Christi
673 5040 743 5110 all,
757 5056 813 5112 qno
826 5040 943 5097 Senato-
993 5038 1102 5095 stallum
1126 5042 1288 5097 inscribitur.
1310 5040 1370 5098 lam
1385 5059 1450 5099 vero
1463 5050 1491 5097 ut
1506 5043 1601 5114 proba,
1614 5051 1643 5098 et
1665 5045 1786 5101 omnium

149 5130 212 5171 reni
222 5115 364 5172 consulein
377 5113 476 5170 factum
499 5114 581 5170 luisse
594 5120 710 5176 constat,
725 5126 833 5181 semper
846 5126 942 5167 amen·
994 5110 1171 5165 emaculatior
1186 5110 1342 5167 redderetur
1354 5123 1445 5168 nostra
1459 5113 1585 5169 Cliroiiici
1599 5112 1678 5181 buius
1691 5114 1785 5181 editio,

149 5185 448 5254 denuntiaremus
467 5184 558 5241 forsan
571 5184 684 5240 calculis
696 5196 712 5237 a
726 5181 804 5237 uobis
817 5194 943 5237 numera·
994 5196 1010 5232 a
1034 5177 1223 5235 Βοιιιιιιιιιιι
1237 5181 1366 5239 Vulcania
1388 5183 1459 5253 apud
1483 5181 1598 5237 Batarm
1617 5185 1724 5239 excusis
1743 5190 1785 5241 usi

150 5263 198 5311 tos
207 5272 303 5326 eeqnm
316 5254 403 5311 lector
415 5256 537 5311 advertet
551 5255 572 5309 ⁶.
994 5264 1096 5314 sanius,
1112 5250 1247 5319 inquibus
1261 5259 1347 5307 totuin
1365 5267 1434 5321 opus
1447 5252 1580 5321 capitibus
1594 5252 1733 5322 perlucide
1745 5258 1786 5309 di-

188 5324 312 5382 'fertinm
326 5325 353 5380 in
377 5326 430 5381 hoc
456 5336 529 5381 tomo
553 5325 641 5381 loeuin
664 5321 787 5378 dedimus
804 5319 944 5377 Senatoris
994 5320 1149 5387 stinguitur,
1164 5327 1193 5376 et
1211 5322 1358 5377 accuratiss
1370 5337 1419 5379 ina
1432 5324 1551 5391 capitum
1562 5336 1694 5394 synopses
1708 5326 1786 5380 eslii·

148 5397 239 5453 ansul
253 5394 392 5461 Cbraairo,
405 5396 477 5477 quod
490 5393 602 5464 jubente
616 5392 786 5449 Theodorico
796 5406 859 5461 rege
871 5405 944 5447 coin·
994 5388 1103 5446 hentur.
1123 5390 1169 5444 llis
1180 5405 1243 5445 cum
1256 5390 1317 5445 aliis
1330 5391 1493 5447 editionibus
1515 5391 1621 5447 collatis
1635 5395 1723 5451 varias
1736 5394 1785 5449 lii-

225 5467 256 5520 't.
269 5464 422 5521 bicredibih
437 5481 547 5535 prorsus
568 5462 705 5519 iracundia
720 5470 749 5518 et
761 5461 901 5517 ammaclio
915 5461 943 5515 in
994 5459 1045 5514 reti
1058 5459 1189 5516 lectiones
1201 5468 1230 5515 et
1251 5461 1507 5525 animaduersiones,
1534 5462 1660 5531 ipsasque
1672 5462 1704 5518 B.
1721 5465 1787 5521 i'ul·

226 5534 382 5591 Cassiodori
407 5551 475 5607 opus
503 5536 607 5591 exarsit
627 5532 779 5603 0nupbrius
795 5530 942 5596 Pauuinus,
995 5528 1066 5583 canii
1081 5537 1160 5585 notas
1182 5530 1339 5598 adjecimus,
1355 5539 1385 5586 ut
1406 5545 1500 5587 eorum
1514 5529 1666 5590 eruditione
1681 5534 1786 5606 planior

147 5606 267 5677 ejaisque
280 5607 349 5662 nam
364 5620 418 5661 non
430 5609 560 5675 repressit
570 5602 703 5673 losephus
712 5603 842 5673 Scaliger,
855 5615 944 5670 neque
995 5598 1042 5652 liat
1056 5598 1169 5656 obscura
1183 5598 1327 5655 domandis
1338 5600 1464 5657 elocutio.

148 5677 251 5732 murari
266 5675 337 5733 fastu
351 5675 378 5732 in
391 5674 532 5732 Senatoris
551 5674 685 5732 Chronica
700 5675 823 5730 iniectas
840 5680 891 5727 est.
905 5670 945 5726 Ea
1032 5668 1107 5725 diter
1121 5670 1449 5740 tomuscacomplectitur
1461 5686 1522 5743 quae
1531 5672 1567 5728 ad
1577 5671 1606 5729 S.
1621 5672 1786 5746 Scripturas,

186 5766 741 5837 'Qiimhicinmarginibussenotaturum
753 5765 880 5820 admonet
892 5763 945 5820 Ga·
996 5770 1110 5834 excepta
1134 5759 1300 5818 indicatione
1321 5771 1473 5832 anctorum,
1488 5776 1569 5836 quani
1591 5766 1618 5821 in
1641 5766 1693 5823 linc
1711 5768 1788 5825 loco·

152 5838 249 5907 retius,
265 5854 316 5898 nos
328 5838 353 5894 in
363 5846 465 5895 textum
480 5836 550 5893 intra
564 5837 737 5909 parentheses
749 5835 944 5905 revocavimus,
998 5852 1056 5890 runi
1071 5834 1224 5901 citatorum,
1237 5834 1381 5905 signatura
1396 5835 1479 5894 instar
1492 5838 1690 5908 exscnpsiuius.
1706 5837 1786 5899 Emr.
