4059 6184
161 221 214 278 Ul

659 226 849 286 ttlsltuttb‘t
867 221 1054 281 cduthsslo
1073 226 1118 281 RE
1134 224 1197 281 .TAE
1217 222 1312 282 utum,

1745 231 1802 286 iil!

162 340 251 404 δόξετ’
267 342 380 412 Χριστοῦ
394 340 439 409 μίν
450 338 522 427 θεὸς.
537 349 582 403 τίς
594 340 622 397 at
633 341 704 405 δόξης
719 345 813 418 πατὴρ.
824 343 853 394 εἰ
864 340 912 413 γὰρ
923 341 964 393 καὶ
979 344 1000 397 ‚l
1015 346 1117 392 naturae
1133 338 1271 395 intellectu
1284 340 1394 407 distant,
1407 341 1486 396 simul
1499 340 1653 399 diuiduntur
1664 344 1745 401 etiam
1757 360 1803 401 no·

160 436 195 490 τὸ
205 432 391 506 συναμφότερον
401 429 435 490 ἓν,
448 432 669 509 municipium,
682 442 713 509 τῇ
726 433 753 489 δί
767 432 873 503 συνόδῳ.
886 450 896 483 t
913 434 964 486 Ιίαί

163 521 181 579 ὅ
199 524 225 578 ίν
244 523 326 595 &piore
339 521 366 575 δι’
381 523 513 598 Γρπγόριος
529 524 541 577 ό
556 525 658 585 Νὑσσης
671 526 807 583 ἐπίσκοπος
819 525 844 577 ίν
857 530 894 595 τῷ
906 533 963 578 κατ’

162 615 287 687 Εὐνομίαν
301 613 416 687 τετάρτῳ
428 611 495 684 λόγῳ
509 616 542 668 τοί
561 616 626 670 αὐτοὶ
640 618 708 685 ἡμᾶς
721 613 854 673 διδάσκων,
874 615 963 687 -ρρὰρει

165 705 264 763 τ’τως·
282 705 345 755 «sat
359 707 393 764 ὑς
405 699 434 756 ἓν
446 709 481 773 μή
494 725 533 765 τις
548 727 579 764 τη
590 707 707 783 ἀπειράτῳ
720 706 794 777 ρὺσιι
804 705 832 760 τό
845 708 907 759 κατά
919 705 963 760 τόν

172 792 290 865 σταυρόν
303 792 384 850 πάθος
396 793 590 867 προστρίὲοιτο,
603 791 635 849 δι’
648 793 740 869 ε’τίρων
759 791 909 870 τρανότερον
920 798 965 853 τὴν

165 883 291 939 τοιοῦτον
305 881 486 954 ίπανορθοῦται
502 878 606 944 πλάνην,
630 886 737 952 μεσίτην
748 882 824 937 αὐτόν
844 888 907 936 Θεοῦ
922 883 966 936 καί

165 971 314 1044 δτοθρῶπου,
337 971 400 1024 Θεὸν
418 973 461 1023 ναί
474 969 604 1046 ἄνθρωπον
624 972 703 1027 αὑτόν
722 969 860 1042 ίνομοίζων,
874 972 916 1025 ἵνα
939 971 965 1024 ix

166 1073 216 1121 τοῦ
229 1061 320 1119 ria-llo
332 1067 392 1137 περί
403 1065 433 1118 τό
445 1061 471 1118 ἒν
484 1064 598 1137 λέγεσθαι
611 1066 640 1119 τό
653 1064 796 1140 πρόσφορον
808 1072 890 1119 νοοῖτο
906 1066 966 1139 περί

166 1154 300 1233 ε’νιάτερον,
315 1159 374 1230 περί
383 1158 428 1223 μίν
441 1158 470 1210 τό
483 1159 547 1210 θεῖον
560 1157 575 1215 τί
588 1158 708 1223 ἀπάθεια,
718 1159 778 1228 περί
787 1153 814 1210 δι’
827 1157 856 1210 τό
871 1156 965 1230 άνθρώ·

166 1268 242 1303 πίνον
256 1249 271 1305 ὑ
283 1252 349 1301 κατὰ
362 1247 391 1301 τὸ
404 1246 484 1307 πάθος
497 1248 636 1313 οἰκονομία.
651 1253 701 1306 'fair
719 1241 762 1299 οὑν
776 1245 887 1304 ίπινοίας
899 1241 966 1299 διαι-

167 1343 267 1415 ροσπς
283 1337 313 1391 τό
330 1337 394 1391 αατοί
406 1337 590 1419 φιλανθρωπίαν
602 1339 647 1411 μὲν
664 1338 795 1407 ἡνωμένον,
806 1343 842 1409 τῷ
856 1333 882 1389 δί
900 1334 966 1408 λόγῳ

167 1423 370 1500 διακρινόμενον,
391 1422 452 1479 ὅταν
472 1426 517 1496 μίν
534 1426 562 1480 τό
576 1426 764 1501 ὑπερκείμενον.
780 1428 824 1479 ναί
837 1425 967 1499 ὑπερέχον

167 1519 260 1571 πάντα
277 1522 336 1571 νοῦν
355 1514 491 1590 παρ’-στρ,
514 1524 567 1575 τοῖς
584 1515 750 1587 ὑψηλοτέροις
768 1518 895 1592 κέχρηται
917 1524 967 1572 τῶν

168 1607 309 1676 ὀνομάτων,
324 1607 367 1660 ieri
379 1612 478 1661 πάντων
488 1608 560 1667 Θεὸν,
574 1608 615 1660 καί
629 1609 707 1678 μέγαν
719 1608 788 1665 θεὸν,
800 1612 843 1663 καί
856 1605 965 1676 δύναμιν

1014 429 1095 483 urina.
1113 429 1223 485 Paulum
1234 430 1367 488 diceutctn
1377 432 1456 487 audi:
1474 433 1509 488 ill
1523 434 1592 490 Deus
1604 435 1709 504 Domini
1722 441 1804 495 ποιετί

1012 517 1193 589 temetum,
1209 520 1287 576 Peter
1301 524 1392 594 plocio
1405 523 1511 595 (Epiros.
1528 524 1569 595 tlt
1584 524 1682 583 Christi
1697 529 1805 598 quidem

1014 610 1095 677 Deus,
1109 610 1301 680 gloriaeautem
1315 611 1404 669 Pater.
1419 612 1485 669 llam
1500 615 1550 672 etsi
1565 626 1707 689 utroruquo
1722 636 1805 676 unum

1014 711 1065 769 est,
1080 712 1169 759 tamen
1181 719 1235 759 nou
1245 713 1352 774 natura,
1363 704 1409 761 sed
1420 715 1564 763 conventu.
1577 707 1806 767 ›Etsanetusau-

1015 803 1070 850 tem
1084 794 1228 865 Gregorius
1241 795 1376 868 Nyssenus
1387 794 1547 869 [Episcopus
1560 798 1660 871 ulysse]
1671 799 1697 854 in
1709 812 1806 870 sarano

1015 886 1084 941 libro
1099 895 1194 942 eontra
1208 885 1381 952 Ennomon,
1396 887 1491 943 eadem
1506 903 1555 943 nos
1571 888 1680 954 docens,
1693 888 1807 945 itascri-

1015 976 1074 1033 bit:
1090 997 1100 1029 ι
1118 976 1151 1031 Et
1166 992 1200 1031 ne
1214 976 1310 1046 aliquis
1322 977 1517 1047 incorruptibili
1531 984 1635 1034 natum
1648 978 1735 1034 erneis
1745 993 1808 1049 pas·

1016 1070 1119 1127 sionem
1133 1069 1289 1139 applicaret,
1307 1083 1355 1138 per
1368 1068 1419 1124 alia
1435 1067 1601 1125 manifestius
1617 1070 1698 1124 talem
1712 1083 1806 1124 emen·

1016 1160 1063 1215 dat
1087 1175 1217 1224 errorem,
1245 1159 1420 1214 mediatorem
1440 1159 1527 1228 ipsum
1550 1159 1597 1214 bet
1621 1167 1648 1215 et
1668 1159 1808 1214 hominum

1016 1250 1045 1324 (l
1061 1251 1126 1305 Tim.
1143 1248 1184 1320 u),
1200 1259 1227 1305 et
1244 1249 1381 1305 bominem
1395 1258 1423 1306 et
1439 1249 1522 1305 boum
1544 1253 1629 1321 ipsum
1643 1251 1805 1305 nominans:

1016 1352 1048 1411 ut
1060 1359 1121 1400 eum
1137 1343 1192 1398 duo
1211 1343 1244 1397 de
1258 1358 1311 1397 uno
1331 1342 1466 1409 dicautur,
1484 1356 1631 1411 congruum
1643 1341 1808 1411 intelligatur

1016 1433 1088 1489 circa
1099 1441 1250 1501 unumque,
1259 1433 1330 1487 circa
1340 1432 1467 1487 deitatem
1479 1432 1586 1502 uiridem
1600 1431 1807 1501 impassibilitas,

1018 1526 1089 1581 circa
1111 1525 1303 1580 humanitatem
1318 1532 1408 1579 autem
1428 1524 1591 1594 dispensatio
1605 1524 1746 1595 passionis.
1763 1523 1808 1578 ln-

1019 1616 1127 1672 tcllcctu
1143 1616 1223 1687 igitur
1235 1613 1371 1670 dividente
1384 1615 1436 1670 boe
1449 1616 1521 1685 quod
1535 1632 1585 1687 per
1597 1617 1809 1673 uriserieordinm

169 1703 252 1761 θεοῦ,
265 1699 309 1751 καί
332 1700 431 1770 copies,
445 1699 486 1750 ταί
506 1700 539 1751 τὰ
559 1697 767 1751 venustaretur.
782 1695 860 1754 ὀταν
876 1696 901 1753 δὲ
922 1705 967 1757 τίν
984 1705 1128 1775 Equidem
1149 1706 1253 1760 unitum
1268 1713 1319 1770 est,
1335 1704 1440 1761 ratione
1454 1714 1544 1761 autem
1559 1707 1728 1771 discernitur,
1749 1722 1810 1762 estu

169 1792 314 1864 ἀναγκαίως
332 1787 374 1844 διὰ
395 1791 424 1843 τί
444 1790 565 1862 ἠμίτιρου
586 1789 688 1849 ἀσθενές
706 1789 964 1863 σνμπαραὶηρθείσαν

168 1888 225 1937 τῶν
237 1882 394 1949 παθημάτων
407 1886 497 1952 πεῖραν
514 1882 655 1953 περαρροίρρ
673 1886 708 1950 τῷ
722 1878 799 1950 λόγῳ,
810 1881 836 1933 in
846 1885 890 1935 τοῦ
904 1881 966 1952 ipo·

168 1977 248 2055 τέρου
271 1977 433 2044 εατονομάζει
455 1973 484 2029 τό
506 1973 711 2047 συναμφότερον,
735 1970 866 2046 άνθρωπον
889 1972 966 2028 αὑτόν

170 2068 382 2143 προσαγορεύων,
398 2068 428 2119 οὑ
440 2072 582 2120 καινοποιῶν
597 2065 662 2138 πρός
674 2069 718 2122 τόν
736 2063 824 2123 λοιπήν
835 2068 910 2138 piem
924 2064 965 2121 διὰ

171 2170 221 2220 τίς
241 2168 321 2232 ponnus
337 2160 380 2214 τόν
397 2157 557 2229 δαλοίμονον,
572 2156 624 2211 ἀλλ’
643 2156 709 2212 ὧστε
723 2159 783 2229 περί
804 2156 918 2235 εἀίιτερον
937 2160 965 2214 τό

173 2252 280 2312 εὑσιόίς
293 2252 456 2321 φυλαχθῆναι.
477 2264 488 2302 l

1018 1797 1071 1851 hoc
1084 1795 1202 1866 qrridem,
1213 1794 1284 1866 quod
1299 1795 1497 1866 superpositum
1511 1804 1552 1851 cst
1567 1806 1593 1850 et
1607 1797 1811 1866 supereminens

1018 1903 1125 1943 ornnem
1140 1902 1259 1952 sensum,
1276 1887 1414 1957 praedicat,
1428 1887 1568 1943 altioribus
1591 1890 1676 1943 utitur
1693 1889 1810 1945 notnlni·
1886 1956 1889 1964 Ι

1018 1978 1077 2041 bus,
1092 1991 1173 2047 super
1185 1976 1275 2032 omnia
1285 1976 1383 2043 lleurn,
1395 1985 1422 2031 et
1436 1991 1562 2046 magnum
1576 1976 1671 2043 licum,
1685 1986 1714 2032 et
1726 1978 1810 2033 virtu·

1019 2074 1074 2121 tem
1088 2065 1147 2131 Dei,
1163 2065 1363 2134 etsapienliam
1383 2064 1474 2133 (licon.
1498 2081 1530 2131 ε;
1555 2063 1606 2119 tu.
1622 2080 1657 2129 εις
1675 2064 1688 2118 l
1704 2064 1765 2120 Cor.
1779 2066 1810 2135 ε),

1019 2166 1048 2213 et
1060 2156 1125 2211 talia
1141 2160 1259 2211 vocans:
1278 2171 1338 2211 cum
1355 2165 1444 2210 autem
1462 2156 1619 2225 'passionum
1639 2157 1810 2227 experimen·

1022 2256 1077 2301 tum
1098 2245 1251 2305 necessario
1267 2253 1377 2313 propter
1390 2254 1509 2300 nostram
1531 2244 1713 2305 infirmitatem
1735 2259 1812 2301 acce·

1020 2344 1095 2407 ptum
1105 2334 1194 2389 verius
1203 2330 1344 2404 siguificat,
1356 2349 1390 2389 ex
1404 2341 1497 2390 nostro
1518 2335 1659 2389 uoarioans
1671 2342 1813 2404 utrumque

1023 2427 1159 2483 homiuem
1173 2427 1259 2498 ipsum
1277 2425 1405 2497 appellat,
1421 2442 1475 2481 uon
1489 2426 1689 2482 communicans
1702 2441 1750 2496 per
1766 2441 1813 2480 so·

1023 2516 1130 2577 eumad
1155 2526 1280 2573 caeteram
1304 2526 1427 2571 naturam
1442 2531 1503 2570 eum
1518 2516 1563 2586 qui
1579 2516 1754 2585 significator,
1766 2517 1813 2572 scd

926 2662 933 2672 ,
1025 2616 1054 2664 ut
1065 2609 1136 2665 circa
1151 2617 1292 2676 utrumque
1305 2608 1392 2678 pietas
1406 2617 1588 2663 conservetur.
1608 2625 1620 2659 ι

211 2705 315 2761 Τούτων
336 2702 417 2763 ε’τως
437 2701 648 2775 ἀποδεδειγμένων
665 2703 707 2760 διά
719 2711 765 2763 τῆς
782 2708 831 2756 τῶν
851 2701 970 2775 πατίρων

175 2795 354 2861 διδισταδίις,
368 2797 559 2850 παυσάσθωσαν
581 2795 603 2848 οί
621 2795 663 2849 τόν
680 2794 785 2868 ίιριθμῖν
800 2801 850 2848 τῶν
864 2791 889 2847 ίν
906 2802 969 2867 Χρι·

177 2896 234 2962 orffa
256 2890 354 2962 ρὺσεων
370 2888 495 2962 πρόρασιν
520 2896 565 2947 τίς
586 2889 681 2946 οἰκείας
700 2886 792 2946 πλάνης
813 2886 968 2957 ποιούμενοι,

177 2982 219 3034 ταί
237 2986 274 3052 τῷ
291 2978 333 3033 διὰ
355 2976 451 3034 τοῦτον
464 2984 510 3037 τὴν
533 2975 653 3049 διαφοράν
676 2978 816 3051 ἀρνεῖσθαι,
837 2977 970 3047 σὺγχυσιν

1056 2699 1104 2755 llis
1115 2698 1152 2753 ita
1162 2698 1352 2753 demonstratis
1361 2712 1411 2768 per
1424 2705 1578 2753 sanctorum
1593 2696 1700 2752 Patrium
1712 2697 1813 2753 docui-

1021 2805 1093 2853 nam,
1104 2797 1211 2845 cessent
1223 2789 1269 2858 qui
1282 2803 1422 2843 nutrieram
1431 2796 1584 2842 naturarum
1597 2802 1657 2856 quae
1666 2788 1693 2843 in
1706 2786 1813 2843 Christo

1020 2889 1091 2944 sunt,
1106 2880 1277 2934 occasionem
1297 2878 1339 2933 sui
1352 2877 1452 2933 erroris
1468 2876 1582 2941 iaciunt,
1592 2886 1620 2933 et
1632 2893 1724 2933 earum
1737 2878 1813 2934 ditis

1021 2969 1136 3025 rentiam
1153 2969 1201 3042 [ob
1213 2968 1239 3023 id
1253 2965 1431 3023 differentiam
1446 2967 1578 3034 trepondo,
1601 2963 1698 3038 Grec]
1711 2968 1814 3023 curatori

178 3073 293 3143 οἰνάριον
312 3073 513 3147 ἐπιχειροῦντες.
528 3076 583 3129 τῶς
595 3072 645 3143 γάρ
660 3068 703 3122 οὐκ
722 3069 858 3139 ἀναγκαῖος
872 3066 885 3122 ὁ
899 3067 967 3144 ‹ipti-
981 3059 1005 3122 C
1021 3059 1190 3114 recusatione
1214 3057 1348 3127 negando,
1366 3056 1552 3113 contusionem
1578 3057 1749 3114 introducere
1768 3075 1813 3115 co

178 3165 239 3236 ρᾶς,
252 3158 273 3235 ᾧ
284 3164 327 3217 επὶ
338 3164 454 3235 mmm,
463 3167 506 3221 τῆς
521 3157 641 3234 amma,
652 3164 702 3213 ,τε
716 3157 851 3211 §nolemus
864 3159 900 3218 ,ες
911 3159 971 3230 pto„
1022 3156 1130 3203 uantur.
1143 3146 1284 3215 Quomodo
1299 3147 1371 3203 euim
1385 3158 1488 3203 nonest
1501 3149 1665 3204 necessarius
1676 3165 1813 3219 uumerus,

178 3253 325 3310 ὑπίοεασιν
347 3254 456 3326 φύσεων,
477 3253 517 3306 ταί
528 3253 574 3304 οὐκ
588 3250 630 3304 int
647 3257 679 3321 τῇ
692 3251 741 3304 ἀνὰ
753 3250 828 3323 μέρος
848 3246 972 3323 διαιρέσει
1021 3265 1085 3320 quo,
1097 3248 1131 3305 ad
1145 3248 1346 3319 significandam
1359 3248 1535 3306 differentiam
1549 3258 1773 3322 naturarumque
1788 3253 1814 3308 iu

179 3348 276 3407 αὐτῶν,
294 3343 317 3396 οἱ
338 3343 448 3414 πατέρες
465 3342 629 3415 septenum
650 3336 868 3410 'trodoluppinon
889 3341 972 3392 τοίννν
1023 3358 1102 3398 unam
1116 3342 1406 3398 subsistentiamuuiue
1419 3352 1490 3407 sunt,
1502 3352 1592 3398 utnon
1607 3343 1640 3399 ad
1655 3345 1814 3401 divisionem

179 3433 354 3506 πανταχόθεν,
369 3436 402 3495 ds
416 3433 505 3494 ἁσιὸίι
522 3432 576 3486 ἔστι
594 3431 625 3486 τό
644 3430 723 3502 λέγειν
747 3431 808 3499 ptos
821 3429 904 3499 φύσιν.
917 3427 974 3487 dau
1022 3449 1071 3504 per
1097 3440 1189 3504 partes
1215 3449 1317 3498 earum,
1343 3434 1384 3489 usi
1408 3443 1469 3488 suut
1482 3433 1592 3489 Patres?
1622 3434 1814 3490 bennonstrato

179 3526 272 3580 οῦσίιτν
285 3523 403 3584 θεότητος
416 3525 459 3577 καί
480 3528 526 3584 τίς
550 3520 647 3595 σαρκός
664 3525 710 3575 τοῦ
731 3524 853 3592 Χριστοῦ,
876 3518 973 3572 κάκεῖνο

178 3618 299 3697 ίροῦμεν,
313 3618 347 3675 ὥς
364 3612 420 3670 οὑδί
439 3614 498 3668 καθὸ
511 3614 569 3686 μίαν
582 3610 727 3672 ὑπόστασιν
739 3610 843 3682 ίίγοριεν
857 3616 902 3668 τῆς
918 3608 974 3662 dro-

179 3727 270 3770 τυτος,
283 3710 326 3761 ναί
341 3712 388 3767 τῆς
406 3703 598 3779 άνθρωπότητος
610 3707 653 3758 τοῦ
673 3705 795 3776 Χριστοῦ,
811 3698 878 3755 οὑτω
897 3697 973 3753 δυνα-

178 3798 226 3853 τόν
250 3800 291 3851 ναί
312 3798 372 3867 μίαν
385 3796 461 3868 ρὺσιν
481 3794 561 3868 >ipssa
578 3798 703 3869 Χριστοῦ.
721 3789 820 3850 Ἐπειδὴ
834 3794 868 3861 μδ
881 3790 973 3846 ταυτόν

178 3889 260 3959 γῦπες
273 3906 300 3942 τε
319 3888 360 3941 καί
382 3883 537 3943 ὑπόστασις.
551 3884 644 3944 Πάντες
658 3883 708 3960 γάρ
732 3882 756 3935 οί
776 3878 843 3953 ἅγιοι
865 3880 973 3955 πατίρις

179 3980 326 4050 συμφώνως
338 3978 405 4047 ὑμᾶς
422 3972 596 4036 διδάσκουσιν,
616 3969 675 4027 ἄλλο
692 3966 753 4026 εἶναι
769 3965 844 4041 plote
862 3968 919 4029 ἤτοι
931 3971 973 4023 οὑ·

177 4072 252 4134 τίειν,
273 4070 316 4121 ναί
330 4069 437 4139 poppis,
451 4066 492 4118 ιιαί
512 4059 571 4119 ἄλλο
591 4060 734 4118 ὑπόστασιν
752 4061 807 4120 ἦτοι
823 4060 973 4136 πρόσωπον·

177 4163 224 4215 ταί
245 4165 290 4217 τίν
303 4161 349 4230 μίν
362 4160 446 4231 piola,
462 4156 518 4215 ἦτοι
531 4156 618 4211 elotae
630 4156 673 4209 καί
682 4157 776 4227 μορφὴν
788 4153 816 4207 τό
833 4154 912 4207 κοινόν
926 4174 974 4210 ση-

179 4258 290 4313 μαίνειν,
304 4258 350 4313 τόν
363 4251 390 4307 δὲ
404 4251 549 4306 ὑπόστασιν
560 4248 616 4308 ἦτοι
629 4247 780 4323 πρόσωπον,
800 4247 830 4300 τὸ
845 4243 935 4301 ίδικόν·
952 4245 974 4297 τί

175 4343 207 4401 δέ
222 4343 326 4417 pisoni
337 4361 413 4405 τινες,
430 4339 469 4396 ότι
483 4342 572 4414 ὥσπερ
593 4339 639 4410 μία
653 4337 798 4398 ὑπόστασις
810 4337 928 4395 σύνθετος
939 4332 974 4389 εἴ·

1024 3525 1106 3603 igitur
1119 3523 1246 3593 undique,
1260 3523 1332 3593 quod
1353 3522 1463 3594 impium
1477 3531 1519 3579 est
1536 3523 1627 3580 dicere
1642 3539 1722 3579 unam
1737 3532 1813 3580 natu·

1022 3631 1081 3671 ram
1109 3614 1167 3670 sive
1188 3613 1365 3669 substantiam
1385 3613 1492 3669 deitatis
1506 3621 1534 3669 ot
1552 3613 1640 3669 caruis
1661 3612 1771 3679 Christi,
1787 3621 1817 3668 et

1023 3705 1089 3760 illud
1109 3704 1233 3771 dicimus,
1252 3704 1315 3774 quia
1335 3718 1386 3759 nec
1402 3703 1551 3759 secuudum
1569 3702 1641 3775 quod
1656 3718 1735 3759 uuam
1748 3705 1816 3760 sub-

1023 3794 1174 3850 sistentiam
1184 3794 1298 3850 dicimus
1313 3793 1420 3850 deitatis
1431 3801 1459 3848 et
1468 3794 1642 3850 humanitatis
1654 3794 1766 3863 Christi,
1775 3795 1814 3852 sie

1023 3885 1152 3957 possibile
1162 3893 1246 3941 estet
1260 3900 1340 3940 unam
1354 3896 1479 3940 naturam
1498 3883 1597 3940 Christi
1610 3884 1701 3942 dicere
1722 3904 1730 3938 ι
1749 3900 1813 3956 quo

1023 3976 1096 4030 niam
1118 3990 1172 4031 non
1193 3975 1266 4031 idem
1286 3985 1329 4031 est
1351 3983 1489 4030 naturast
1511 3974 1693 4033 subsistentia.
1714 3973 1818 4031 Omnes

1024 4064 1095 4119 enlm
1105 4063 1192 4120 saneti
1203 4062 1297 4120 Patres
1307 4073 1488 4121 consonanter
1499 4080 1548 4121 nos
1558 4066 1657 4121 docent
1668 4064 1741 4121 aliud
1755 4080 1813 4122 esse

1025 4163 1147 4212 naturam
1157 4156 1214 4212 siue
1228 4157 1406 4212 substantiam
1421 4165 1449 4213 et
1462 4159 1587 4223 lormatu,
1611 4166 1640 4215 et
1657 4158 1730 4214 aliud
1748 4159 1813 4214 sub·

1024 4253 1174 4308 sistentiam
1195 4254 1252 4310 sive
1274 4270 1432 4325 personam
1452 4263 1481 4312 et
1502 4264 1626 4310 naturam
1640 4255 1748 4324 quidem
1771 4257 1815 4311 vol

1024 4343 1200 4398 substantiam
1219 4350 1248 4399 et
1266 4341 1391 4411 ieronem,
1423 4343 1478 4400 boe
1510 4341 1583 4414 quod
1600 4352 1642 4399 est
1660 4359 1813 4411 commuue,

176 4456 260 4514 ρηεαι
270 4436 312 4490 iri
324 4438 447 4509 πριστοῦ,
463 4431 530 4488 οὕτω
544 4429 584 4486 δεῖ
597 4431 637 4484 ταί
652 4428 795 4499 piceipicei
809 4424 927 4481 σύνθετον
936 4424 974 4479 li·
988 4419 1012 4477 Ι)
1025 4430 1190 4499 signilicarm
1202 4430 1401 4487 subsistentiam
1415 4441 1506 4488 autem
1521 4433 1578 4489 sive
1594 4448 1746 4503 personam,
1763 4435 1814 4492 laos

177 4545 245 4597 γειν,
256 4522 419 4591 ἀποδείξομεν
431 4524 473 4575 καί
483 4527 559 4577 τοῦτο
569 4519 696 4591 άλίότριον
707 4514 823 4576 εἶναιτοῖς
833 4516 972 4575 εὑτεόείας.

176 4620 243 4669 tuias
254 4618 306 4688 γάρ
319 4616 394 4686 φύσιν
405 4614 531 4673 mirmur,
547 4611 603 4671 ῦτοι
618 4612 704 4667 οὐσίαν
715 4611 837 4683 δίγονττς,
853 4617 922 4684 τρεῖς
935 4610 974 4664 ίπ“

178 4706 260 4766 αὐτῆς
282 4703 417 4776 δοξάζομεν
435 4704 590 4763 ὑποστάσεις
609 4704 635 4758 ίν
650 4702 746 4777 εἀάστρ
767 4699 911 4759 ὑποστάσει
929 4707 974 4769 ,τόν

178 4800 261 4857 οιὺττὶν
277 4799 360 4870 phou,
379 4796 436 4855 ἤτοι
454 4796 543 4849 οῦοίαν
555 4797 717 4870 γνωρίζοντες
729 4809 737 4824 ·
751 4797 794 4848 καί
817 4795 927 4853 εὑσιθῶς
948 4794 974 4846 ἐκ

179 4895 234 4945 τῶν
256 4895 333 4963 τριῶν
353 4886 519 4942 ὑποστάσεων
530 4886 590 4956 μίαν
610 4884 755 4940 ὑπόστασιν
771 4889 816 4943 τείν
835 4884 971 4955 τοῦλόγου

179 4978 250 5053 πρός
271 4983 317 5037 τήν
336 4979 420 5050 σάρκα
440 4976 611 5031 συντιθεῖσθαί
625 4995 712 5047 ραμεν.
734 4971 824 5033 Οὑδεις
844 4971 890 5052 ‘step
908 4992 971 5028 ποτε

179 5070 319 5139 ίτίίμτστε
343 5069 369 5120 is
393 5074 425 5143 τῇ
446 5065 559 5141 saisisti
584 5063 803 5139 ίκνίτοίᾳιίπείν,
826 5085 866 5119 οτι
884 5065 971 5141 ὥσπερ

180 5166 256 5233 τρεῖς
265 5157 440 5222 ὑποστάσεις,
454 5155 522 5211 οὑτω
534 5157 579 5208 ναί
587 5162 659 5229 τρεῖς
672 5156 759 5224 ρὺσεις
774 5155 826 5209 εἶσί
838 5161 884 5213 τῆς
897 5152 972 5224 άρίας

180 5248 295 5324 τριάδος.
309 5238 376 5303 ὥστε
396 5251 436 5302 καί
456 5246 579 5303 δύνασθαι
597 5244 674 5318 ίίγιιν
696 5248 756 5317 μίαν
778 5245 854 5316 pieta
876 5245 903 5299 ίνι
923 5251 972 5298 τῶν

180 5350 259 5418 τριῶν
272 5342 374 5414 φῦσεων
394 5341 567 5396 συντεθεῖσθαι
581 5340 646 5415 τρίς
658 5340 761 5412 σάρκα·
776 5346 842 5416 τρεῖς
860 5338 909 5413 γάρ
923 5337 971 5410 pri·

181 5434 295 5493 cassini
310 5440 357 5493 τῆς
371 5429 447 5504 ιίγίιις
467 5428 570 5498 τριάδος
590 5427 665 5503 μόνος
677 5427 776 5506 Ἀρειος
789 5430 917 5502 τολμήσας
938 5428 973 5482 εί-

181 5532 242 5580 πεῖν
255 5526 289 5585 ὀς
303 5525 452 5595 βλάσφημος
464 5526 603 5597 αατττερίθίι.
619 5525 664 5578 Διά
674 5529 750 5578 τοῦτο
762 5524 842 5577 τοίνυν
855 5522 919 5575 κατά
931 5522 973 5575 τῖν

184 5617 257 5692 ipah
268 5614 341 5685 )ιήον
351 5610 398 5667 δὺο
411 5613 509 5682 φύσεων
521 5612 610 5668 ίνωσιν
619 5614 730 5686 λίγιμεν,
742 5615 783 5666 καί
792 5615 850 5684 μίαν
862 5611 973 5667 ὑπόστα-

185 5728 237 5763 σιν.
250 5703 352 5762 'exenii
366 5703 379 5757 ό
392 5708 437 5758 τοῦ
450 5709 515 5758 Θεοῦ
529 5702 583 5763 υίός
597 5706 660 5759 κατά
673 5710 717 5763 τήν
731 5703 873 5759 ὑπόστασιν
887 5702 972 5775 ι’τερος

1025 4521 1098 4590 quod
1112 4528 1154 4576 ml
1173 4521 1299 4590 speciale.
1321 4521 1367 4576 Sin
1382 4537 1449 4577 sero
1467 4523 1585 4579 dixerint
1604 4523 1723 4594 quidam,
1742 4526 1818 4596 quod

1025 4612 1156 4672 sieutuna
1170 4611 1340 4668 subsistentia
1357 4615 1506 4684 composita
1522 4614 1621 4673 dicitur
1641 4616 1751 4686 Christi,
1775 4620 1814 4675 sic

1025 4712 1134 4773 oportet
1144 4715 1171 4760 ot
1181 4720 1261 4760 unam
1273 4713 1395 4760 naturam
1409 4707 1587 4777 compositam
1603 4708 1693 4765 dicere
1705 4728 1711 4763 :
1723 4718 1812 4765 osten·

1025 4794 1121 4852 dernus
1134 4804 1162 4851 et
1175 4798 1226 4853 hoe
1239 4796 1354 4853 alienum
1372 4814 1432 4853 esse
1442 4813 1457 4853 a
1468 4800 1577 4870 pietate.
1591 4798 1676 4854 Unam
1687 4800 1758 4854 euim
1769 4815 1813 4854 aa·

1024 4893 1112 4940 turam
1122 4888 1180 4943 sire
1192 4888 1368 4943 substantiam
1387 4888 1497 4945 deitatis
1510 4888 1642 4953 dicentes,
1657 4898 1712 4944 tres
1731 4889 1814 4958 ipsius

1022 4972 1183 5033 confitemur
1209 4976 1407 5051 [glorificamus
1432 4978 1533 5051 Creo]
1556 4978 1752 5045 subsistentias,
1785 4979 1815 5033 in

1024 5079 1184 5135 unaquaque
1202 5066 1373 5122 subsistentia
1386 5068 1509 5124 eamdem
1533 5076 1655 5122 naturam
1674 5068 1732 5123 sire
1750 5069 1812 5124 sub·

1021 5154 1149 5209 mantiam
1164 5165 1365 5222 eognrosceutcs.
1379 5154 1412 5209 Et
1425 5164 1498 5212 recte
1512 5171 1546 5211 ex
1561 5155 1645 5211 tribus
1661 5155 1807 5213 subsistere

1023 5239 1068 5296 tiis
1078 5256 1157 5295 unam
1171 5242 1369 5298 subsistentiam
1376 5242 1457 5297 Verbi
1471 5242 1505 5298 ad
1515 5257 1624 5298 curulem
1634 5245 1815 5314 compositam

1024 5348 1085 5389 esse
1097 5334 1220 5388 dicimus.
1235 5332 1319 5388 Νιωσ
1340 5333 1411 5389 enim
1434 5348 1552 5400 unqttaru
1570 5348 1651 5390 ausus
1664 5341 1709 5389 est
1722 5335 1749 5392 in
1764 5353 1797 5391 cs

1024 5424 1121 5480 tholica
1132 5423 1250 5481 Ecclesia
1270 5425 1369 5490 dicere,
1390 5424 1541 5494 quodsieut
1553 5433 1609 5482 tres
1621 5426 1814 5495 subsistentiae,

1022 5517 1061 5573 sio
1074 5526 1102 5570 et
1116 5524 1172 5571 tres
1191 5525 1293 5571 nature
1312 5524 1375 5571 suut
1392 5525 1492 5573 sauctae
1505 5516 1661 5574 Trinitatis:
1677 5528 1706 5574 ut
1725 5521 1814 5590 possi-

1022 5607 1076 5664 bile
1090 5609 1124 5664 sit
1137 5607 1238 5675 dicere,
1252 5623 1332 5663 unam
1344 5615 1467 5663 naturam
1481 5624 1517 5665 ex
1526 5610 1611 5665 tribas
1620 5610 1724 5666 naturis
1735 5624 1810 5666 coru·

1023 5699 1137 5771 postam
1151 5714 1209 5759 csse
1220 5699 1252 5757 sd
1265 5714 1383 5757 carnem.
1396 5699 1548 5760 indumine
1558 5710 1666 5758 naturas
1680 5701 1814 5758 lusatuctu
