4059 6184
237 287 290 348 543
847 286 883 342 ιι.
903 279 1043 342 obstiti
1061 279 1257 339 CASSiODle
1806 287 1852 344 ιιι

127 465 132 474 ,
242 423 308 466 nuru
320 408 351 463 ιι
366 407 502 479 &nomm
514 404 589 461 euris
603 399 774 472 Transalpini
787 400 923 470 sanguinis
936 399 1029 465 decus,
1044 403 1067 460 Α
1082 397 1271 470 predicantur.
1283 395 1380 453 Cunus
1389 395 1509 466 quinium
1521 393 1657 450 bunormn
1669 397 1750 467 gratia
1759 412 1805 470 per
1815 415 1855 472 ps.

237 516 298 570 quoe
310 516 365 555 sors
377 500 462 556 semel
476 511 606 554 coronam
624 510 701 552 susm
724 493 873 551 nobilitatis
895 491 953 562 ejus
963 491 1031 548 llere
1080 500 1180 559 rentes,
1205 492 1255 549 sub
1268 491 1382 563 imperio
1401 492 1464 548 boni
1486 491 1614 563 principis
1628 492 1742 548 onnrlum
1756 493 1850 554 tortura

239 591 359 648 vestivit.
372 590 452 645 lieris
462 589 532 644 initur
541 585 759 656 reliquesissces
769 585 842 641 viros
852 584 914 641 inde
924 597 1032 639 sumere
1081 583 1214 656 prolicist.
1227 582 1294 639 llam
1313 584 1374 652 quis
1391 582 1517 652 desperet
1529 588 1709 650 augmentum.
1723 583 1766 638 sbi
1778 587 1852 641 estin

238 681 466 749 consularesque
489 679 570 748 longo
585 687 727 734 stemmute
745 677 827 734 ducto
840 691 891 747 por
911 675 1032 741 treberis,
1080 689 1175 732 umore
1197 673 1307 738 dunum,
1323 681 1352 728 et
1364 684 1494 743 prtestnre
1508 671 1696 742 proposituml
1716 670 1797 743 liniris
1815 691 1866 732 er·-

239 774 300 843 lrge
321 783 472 843 temporum
495 771 658 840 originarius
680 779 722 827 est
736 769 879 826 bonorum.
892 767 958 823 ilem
972 767 1033 838 quis
1081 764 1230 836 perimente
1238 763 1388 820 clementie
1395 773 1421 818 tc
1428 763 1529 818 retines
1539 762 1857 835 approbasselmss.‚teneu

239 862 372 918 bonorum
386 860 504 916 indolem
525 858 853 926 reconsecratum,
877 858 924 928 qni
939 857 1033 929 primis
1082 871 1127 912 me
1147 852 1331 927 approbassel,
1347 868 1407 910 rum
1430 853 1480 908 soli
1495 851 1618 923 genitalis
1639 852 1739 907 turtum
1762 854 1857 922 niun,

240 951 366 1021 auspiciis
385 950 448 1007 binc
474 949 593 1021 prodidit
606 950 742 1017 meritum,
763 949 837 1020 quod
860 948 895 1004 ad
918 949 1033 1019 putrisnn
1085 946 1160 1002 velut
1172 945 1289 1017 quodum
1302 944 1467 1015 postliminio
1478 944 1504 998 in
1519 944 1656 1014 antiquam
1670 943 1779 1013 patriam
1791 960 1859 1000 eorn-

240 1042 315 1097 visus
335 1049 378 1099 est
391 1041 520 1098 festinare
535 1041 673 1098 uirtutum.
695 1042 798 1098 Bonum
820 1041 951 1111 iudicium
979 1050 1031 1107 est,
1084 1036 1330 1107 menoses.Excepit
1340 1045 1367 1091 te
1376 1045 1469 1102 poster
1477 1033 1860 1106 allectus‚implevltbenelleiis

241 1139 334 1187 secuta
349 1131 515 1201 prosperitas
530 1147 538 1187 :
552 1131 640 1187 ureris
661 1147 723 1187 eum
736 1131 861 1187 libertate
872 1139 1032 1201 proveetum
1085 1144 1189 1193 manus,
1204 1127 1320 1197 iecitque
1331 1142 1393 1183 esse
1402 1135 1506 1191 sotum,
1521 1124 1593 1195 quod
1605 1135 1724 1180 nostrum
1743 1127 1861 1196 expetiis-

242 1235 294 1277 uec
307 1221 379 1291 passi
397 1237 491 1277 sumus
514 1227 575 1278 eum
590 1222 734 1292 inglorium
754 1223 917 1292 relinquere,
933 1222 979 1292 qui
1001 1222 1035 1278 ad
1085 1240 1129 1282 ses
1142 1223 1293 1295 imperium.
1308 1220 1354 1278 Sic
1367 1222 1439 1276 enirn
1459 1220 1573 1276 decebat
1595 1234 1730 1284 crescere,
1745 1220 1788 1289 qui
1810 1236 1863 1274 rne-

242 1312 376 1367 honorem
398 1311 503 1383 reipub.
523 1314 623 1368 meruit
647 1313 799 1384 pervenire.
829 1314 929 1382 Dignus
955 1313 1036 1384 plane
1086 1313 1240 1370 liorstlsus
1253 1310 1431 1381 estelegisse.
1445 1308 1563 1364 liutrtur
1586 1308 1658 1364 enim
1682 1307 1786 1364 lnrtunu
1808 1325 1864 1365 eum

243 1399 412 1472 largitatibus
426 1404 533 1468 nostris,
549 1404 595 1474 qui
610 1404 637 1459 in
656 1403 715 1474 ipso
728 1403 852 1474 pueritiae
867 1403 934 1460 llore
948 1407 1037 1459 mnte-
1086 1403 1215 1470 domiois;
1230 1410 1260 1459 et
1275 1402 1302 1457 in
1317 1401 1396 1457 laude
1407 1399 1545 1469 reginensis
1559 1397 1681 1468 prolicit,
1703 1399 1771 1470 quod
1785 1398 1866 1468 subie-

246 1491 285 1547 ris
296 1493 417 1548 moribus
427 1492 557 1549 lubricam
565 1492 808 1560 irenaritnstatem3
819 1502 856 1559 et,
863 1492 936 1563 quod
946 1509 1036 1549 rarum
1087 1504 1149 1552 etus
1166 1494 1290 1564 acquirit.
1306 1493 1341 1548 At
1353 1499 1381 1547 tu
1394 1507 1487 1562 parem
1501 1499 1528 1545 te
1542 1491 1607 1546 buic
1620 1489 1787 1561 indulgentie
1806 1505 1864 1561 pru

246 1583 420 1640 continentiis
442 1585 542 1641 bonum
569 1593 628 1654 est,
642 1595 721 1656 patro
746 1586 876 1657 privatus,
898 1586 1038 1656 gravitatis
1088 1587 1190 1643 stitisti.
1206 1584 1304 1640 illustri
1325 1584 1398 1639 euim
1413 1583 1518 1637 horrore
1532 1582 1649 1646 ditatus,
1665 1589 1738 1636 tnrrta
1751 1590 1869 1637 temetu-

246 1671 334 1728 lucrm
359 1681 402 1730 est
427 1673 497 1730 illius
517 1692 523 1728 :
543 1675 717 1746 cupiditatem
742 1675 878 1732 inimicam
899 1677 1037 1746 septenum
1088 1677 1169 1733 ritate
1182 1675 1327 1741 troctubns,
1343 1684 1374 1730 ut
1397 1688 1483 1729 annos
1507 1673 1581 1729 leves
1605 1673 1739 1752 patereris
1750 1687 1807 1728 esse
1824 1673 1869 1728 sub

245 1763 409 1833 subjugavit,
426 1763 553 1821 vitiorum
577 1764 675 1820 blande
703 1766 879 1837 contempsit,
906 1766 1039 1837 superbire
1056 1760 1221 1840 Bponderc,
1235 1780 1316 1837 quom
1331 1781 1384 1820 non
1399 1763 1488 1837 potuit
1507 1758 1647 1833 iu'primn
1670 1770 1750 1817 utute
1771 1761 1871 1820 sincero

246 1868 317 1908 nanu
330 1853 456 1909 cdcanit.
471 1853 509 1909 ltu
518 1856 652 1925 superetis
665 1855 820 1914 excessibus
832 1865 896 1913 nete
916 1857 981 1913 dare
996 1858 1038 1912 vi·
1090 1856 1288 1917 fortissimus
1302 1864 1413 1911 naturum
1431 1855 1544 1909 Paterna
1558 1853 1634 1909 enirn
1646 1852 1793 1908 substantia
1805 1851 1871 1906 locu

247 1959 293 2001 sus
307 1954 349 2001 est
361 1946 395 2002 de
409 1948 529 2003 moribus
542 1948 721 2005 consulatum.
734 1948 790 2005 llos
805 1959 896 2007 autem
906 1951 953 2022 qni
962 1951 1040 2008 bonis
1090 1951 1218 2023 pietatus,
1230 1961 1289 2019 qum
1297 1961 1405 2017 semper
1414 1959 1500 2000 nonos
1512 1942 1759 2004 extollitbaeredes‚
1771 1956 1872 1997 consm-

248 2038 406 2094 rodimimur
416 2039 552 2104 instituis
565 2055 633 2110 quos
644 2040 765 2111 probitas
776 2042 895 2113 inspecte
903 2043 1030 2100 consiliat
1093 2042 1160 2099 rasti
1169 2039 1285 2105 divitias,
1301 2052 1363 2095 cum
1377 2036 1411 2092 ud
1424 2049 1471 2091 ens
1484 2043 1582 2105 preter
1594 2033 1700 2089 laboris
1713 2031 1798 2087 stmiia
1817 2046 1873 2101 per·

248 2130 356 2188 curules
369 2129 468 2188 iniulas
482 2130 495 2168 b
510 2131 683 2202 prestitimus
697 2132 851 2200 candidato,
867 2142 898 2189 ut
910 2134 1040 2192 uirtutum
1091 2131 1219 2187 venisses.
1234 2127 1388 2185 Soletenim
1399 2126 1478 2183 laeile
1491 2125 1555 2188 lubi.
1569 2124 1647 2194 quod
1659 2123 1719 2179 sine
1731 2120 1876 2177 didicuitate

248 2220 382 2277 desideria
393 2223 527 2292 possimus
537 2239 687 2294 provocare
696 2240 746 2296 per
760 2241 871 2282 munera
886 2244 893 2281 :
908 2228 971 2298 quia
986 2241 1040 2282 nun
1092 2225 1180 2295 potuit
1193 2221 1317 2277 inveniri.
1330 2218 1434 2275 Auxisti
1449 2218 1643 2292 patrimonium
1657 2215 1805 2272 vivacitatis
1814 2212 1824 2286 [
1833 2211 1875 2269 Gr.

249 2310 341 2369 delicit
354 2313 395 2369 rei
407 2314 534 2380 studium,
549 2331 610 2387 quae
620 2317 759 2387 premium
772 2318 872 2386 largius
892 2319 982 2374 babet.
994 2319 1043 2374 dt·
1092 2323 1117 2370 et
1127 2311 1198 2384 an.,
1212 2307 1375 2382 vicinitatis]
1389 2307 1525 2365 instantio.
1541 2307 1611 2362 Nam
1623 2306 1698 2377 quod
1710 2305 1814 2374 signmu
1825 2318 1878 2359 rurs·

250 2416 304 2476 que
317 2402 380 2460 ideo
391 2419 451 2472 nus,
465 2405 512 2475 qui
527 2407 667 2478 utriusque
679 2407 784 2477 reipub.
796 2408 876 2465 bonis
896 2409 1042 2465 indiscreta
1091 2404 1133 2476 gis
1142 2404 1221 2460 bonu
1234 2400 1443 2476 dispensationis
1459 2400 1511 2475 [sd.
1527 2400 1587 2466 Ac,
1600 2394 1795 2470 dispositionis]
1810 2410 1877 2467 qum-

251 2492 365 2563 potsstis
386 2495 472 2563 gratia
495 2495 636 2563 delectari,
658 2497 766 2567 jungite
780 2498 911 2564 savorem,
925 2499 1043 2556 adunate
1093 2504 1177 2560 ratur,
1201 2494 1247 2551 ubi
1260 2493 1338 2551 testis
1360 2492 1587 2551 oetconsulstusl
1613 2490 1643 2546 ln
1667 2499 1742 2546 tanta
1762 2488 1879 2544 larrrltatu

252 2584 425 2640 seutentiam.
439 2584 587 2642 amborum
607 2587 711 2657 judicio
725 2588 823 2660 dgnus
845 2599 888 2646 est
907 2591 980 2661 eligi,
995 2592 1043 2662 qui
1093 2584 1225 2652 meruisti,
1239 2583 1274 2640 ud
1285 2583 1359 2654 quud
1370 2582 1713 2653 nixorersis-patrimuniis
1723 2579 1879 2652 peruenitur.

255 2671 593 2731 unsistasctbusnurerur
606 2678 709 2748 sugeri.
849 2673 856 2680 ’
1094 2676 1199 2734 Primta
1227 2676 1344 2747 parcitas
1367 2674 1545 2730 liberalitates
1567 2673 1696 2745 publicas
1718 2683 1729 2710 ι
1752 2671 1879 2727 crrutririt.

540 2808 707 2866 EPISTOLA
725 2810 748 2866 n
1094 2769 1234 2827 transiisti
1248 2768 1362 2838 gloriam
1385 2767 1470 2838 patris
1492 2766 1675 2838 dispositione
1701 2764 1839 2828 laudabili;
1858 2771 1881 2818 et

751 2852 758 2868 ’
1093 2863 1167 2935 quod
1186 2861 1232 2919 ills
1245 2874 1383 2920 assumere
1394 2875 1449 2917 non
1470 2859 1565 2924 ualuit,
1580 2858 1617 2916 de
1633 2858 1695 2928 eius
1707 2857 1803 2928 opibus
1824 2854 1881 2912 etie-

254 2911 342 2954 remcr
356 2913 418 2956 nmo
437 2915 560 2957 rususnnr
580 2916 689 2958 consum
707 2917 849 2962 orornmuo
863 2919 1045 2963 nnsouomcus
1426 2952 1455 2964 ,,
1625 2950 1632 2963 ,

617 2987 682 3028 nex.
997 3001 1000 3004 Α
1095 2956 1166 3013 cisti
1180 2954 1274 3011 Celsos
1286 2968 1383 3010 currm
1405 2967 1457 3008 msr
1482 2950 1651 3008 connisum
1667 2963 1765 3019 magna
1780 2963 1831 3002 non
1844 2960 1883 3016 sp

255 3058 394 3134 coorientur
406 3061 445 3117 iiii
459 3060 600 3118 indictione
620 3079 647 3118 ιι
659 3066 772 3121 consulis
792 3065 925 3138 dipodius,
943 3069 1045 3125 nutris·
1095 3047 1174 3120 9⁹¹⁸·
1186 3046 1249 3103 ‘¹⁰¹¹'
1259 3045 1383 3116 ⁸⁶⁰⁰¹⁰³5
1398 3053 1440 3109 ‘²³‘
1452 3043 1534 3099 ‘mimi
1548 3051 1648 3114 (ΨΜ
1667 3040 1741 3111 ‘1⁰⁰⁶
1761 3051 1884 3095 ⁸¹¹¹¹¹¹¹¹¹¹¹¹¹

495 3150 543 3205 que
556 3133 675 3190 tuudibus
688 3135 804 3204 effatur.
1056 3130 1081 3195 C
1095 3144 1148 3193 est.
1161 3135 1297 3193 Audentes
1310 3134 1374 3194 lacit
1387 3135 1511 3191 homiues
1533 3134 1636 3191 ilduelu
1651 3134 1704 3199 sui,
1722 3133 1823 3205 quisse
1835 3142 1884 3182 non

292 3217 418 3277 dmannus
439 3220 571 3280 beneficia
593 3232 685 3280 nostra
710 3227 863 3295 geminare,
891 3243 942 3286 nec
960 3229 1045 3287 semel
1094 3229 1196 3301 panum
1215 3227 1348 3296 occulere,
1368 3242 1449 3297 quern
1474 3226 1630 3297 praecipitat
1653 3236 1752 3280 natura
1768 3221 1879 3293 prodire.

169 3335 174 3342 ·
256 3317 366 3380 preestet
390 3310 500 3383 largitas
527 3313 624 3370 coliata
652 3315 808 3384 lastidium;
832 3320 971 3390 magisque
994 3337 1045 3378 nos
1096 3319 1187 3376 Rediit
1205 3334 1256 3389 per
1282 3327 1308 3374 te
1334 3318 1517 3390 Transalpinis
1539 3316 1653 3373 lumilim
1679 3315 1844 3378 consonus,
1862 3319 1888 3366 rt

256 3409 406 3471 provocant
419 3401 453 3458 ad
475 3404 603 3475 frequens
626 3408 776 3478 premium,
791 3409 835 3479 qui
850 3411 927 3467 initia
944 3422 1045 3469 nostrie
1096 3421 1205 3469 arorites
1229 3410 1321 3467 laurus
1346 3403 1424 3466 uiridi
1452 3411 1575 3480 germine
1599 3408 1758 3467 renovasti.
1786 3404 1889 3461 Sacrum

257 3491 349 3561 gratim
370 3493 507 3565 suscipere
533 3507 700 3554 meruerunt.
721 3495 803 3556 lionis
826 3501 897 3556 euim
914 3500 1045 3571 iudicium
1098 3493 1363 3571 llrbomaspire'tuis
1377 3499 1646 3556 nodscaudidutam.
1663 3497 1760 3556 'lende
1773 3491 1888 3565 igiturnd

258 3582 429 3654 impenditur,
445 3584 625 3645 laroruutom
651 3590 737 3646 semel
763 3591 868 3661 placitis
891 3595 1043 3651 exhibetur.
1096 3592 1206 3648 laudum
1219 3590 1293 3647 celsa
1306 3590 1434 3662 vestigia;
1455 3599 1484 3646 ut
1498 3591 1609 3660 priores
1624 3600 1700 3652 tuos,
1716 3588 1891 3660 quosbonurc

258 3674 391 3732 Decorum
406 3686 448 3734 est
461 3693 577 3749 namque
590 3679 719 3750 principis
732 3681 843 3737 arbitrie
863 3697 917 3738 non
931 3682 1044 3748 haerere.
1095 3697 1217 3756 reparas,
1233 3683 1333 3739 uirtute
1350 3679 1534 3738 transcendas.
1559 3678 1650 3736 Sumne
1666 3680 1751 3751 igitur
1769 3693 1816 3749 per
1829 3674 1892 3731 indi·

259 3770 322 3844 quia
335 3770 557 3828 commendantur
578 3770 669 3843 priora
692 3773 887 3843 posterioribus
908 3772 996 3842 donis,
1019 3784 1048 3832 et
1096 3777 1216 3834 ctionem
1227 3783 1353 3845 quartam
1366 3771 1452 3846 [idest
1462 3786 1506 3827 an.
1521 3769 1586 3827 Cirr.
1600 3769 1845 3843 bllJconsulatus
1857 3767 1892 3821 in·

259 3857 382 3917 tirmntur
402 3861 490 3919 omnis
503 3862 652 3918 indubitata
674 3863 710 3919 de
726 3865 888 3935 repetitione
901 3868 1046 3928 sententis.
1097 3867 1193 3938 signia,
1208 3866 1373 3935 dignumque
1396 3871 1424 3920 te
1442 3870 1580 3920 tantorum
1599 3862 1753 3920 desideriis
1774 3853 1894 3931 presenti

260 3948 367 4005 Pridem
383 3949 431 4005 tibi
442 3950 575 4006 bonorum
599 3951 741 4008 tribuimus
752 3954 873 4024 gradum,
888 3970 961 4011 nunc
973 3955 1048 4011 lasti·
1097 3957 1243 4028 comproba
1255 3954 1389 4024 largitate.
1401 3952 1450 4008 liic
1463 3950 1587 4025 prolecto
1603 3952 1689 4008 locus
1702 3960 1757 4016 est,
1778 3949 1822 4006 ubi
1832 3959 1893 4018 pre·

258 4040 332 4108 gium
347 4040 521 4096 concedimus
541 4040 719 4111 dignitosum
743 4051 820 4100 utet
844 4046 980 4102 anteriora
1001 4047 1050 4103 tibi
1100 4046 1208 4103 conium
1222 4054 1342 4102 meretur
1355 4042 1465 4111 eliusio;
1480 4049 1509 4099 et
1527 4043 1640 4100 virtutis
1655 4056 1746 4113 genus
1772 4047 1823 4107 est,
1838 4051 1894 4110 pro·

260 4134 360 4194 merito
378 4134 526 4191 contulisse
543 4134 691 4200 uideamur,
709 4146 737 4192 et
756 4137 783 4193 in
795 4138 972 4207 sequentibus
984 4155 1050 4195 cun·
1101 4138 1187 4210 priam
1201 4137 1378 4194 substantiam
1391 4151 1447 4191 non
1460 4150 1562 4201 amare,
1578 4135 1628 4191 ubi
1644 4127 1755 4191 tentum
1769 4128 1894 4204 opinionis

260 4226 389 4282 stantiam
411 4232 504 4281 tencre
526 4233 617 4281 nostra
640 4226 791 4293 benignitas
811 4229 967 4285 aestimetur.
992 4229 1050 4286 Non
1102 4227 1257 4300 aequiritur,
1273 4237 1403 4297 quantum
1425 4225 1775 4296 facultatibusabrogntur.
1789 4221 1895 4293 Respice

261 4314 334 4370 enim
346 4313 461 4386 relinqui
471 4313 734 4385 ingloriospntimur‚
748 4317 795 4387 qni
808 4318 915 4386 generis
928 4318 1053 4376 eluritute
1104 4325 1132 4375 te
1145 4334 1227 4390 supra
1237 4319 1357 4376 omnium
1380 4319 1509 4376 humems
1535 4325 1621 4388 atque
1648 4334 1700 4373 ora
1718 4318 1846 4381 volitare;
1859 4323 1896 4365 u·

301 4521 314 4551 ⁸
329 4511 360 4568 D.
376 4512 451 4569 Grnl.
468 4521 496 4570 et
509 4511 592 4586 cujas
610 4473 707 4586 putent
727 4514 879 4585 legendum,
894 4522 918 4568 et
933 4515 959 4568 in
974 4531 1048 4572 uene-
1063 4516 1175 4586 [teigne
1195 4515 1293 4587 quibus
1311 4515 1483 4588 distinguitur
1495 4513 1564 4571 iiber
1585 4529 1601 4569 a
1616 4530 1715 4578 servo,
1729 4516 1749 4570 ι.
1762 4514 1891 4586 jubemus.

263 4582 342 4640 rendi
355 4586 467 4638 rionrinis
490 4595 580 4639 cutum
606 4598 755 4640 connumeret
775 4583 949 4640 Gallicanum.
973 4584 1048 4652 liss..
1104 4585 1135 4643 C.
1152 4585 1276 4657 depnep.
1291 4601 1361 4643 sacr.
1377 4587 1440 4641 eub.
1454 4584 1647 4641 Sirbonorum
1664 4586 1758 4641 insulse
1770 4587 1795 4640 in
1806 4585 1824 4638 i.
1840 4581 1891 4638 ic.

263 4649 345 4778 ain
367 4656 511 4709 uenerando
533 4655 645 4711 nononis
667 4665 733 4711 coetu
756 4665 906 4711 unriumeret
932 4652 1051 4711 Gallico·
1104 4656 1138 4710 de
1152 4664 1206 4712 tem
1226 4657 1294 4712 orib.
1308 4655 1396 4727 appel.
1421 4654 1576 4724 Imperiales
1601 4654 1701 4711 insulse
1716 4656 1743 4712 in
1768 4656 1786 4710 l.
1806 4655 1852 4710 uit.
1866 4652 1893 4707 C.

329 4760 337 4775 ·
1104 4725 1184 4796 dequ
1221 4727 1374 4797 ripn-mser.
1388 4724 1894 4795 majorisadministrationisiniulein

302 4790 510 4875 binlulainscln
524 4794 605 4851 ostiu
629 4795 739 4852 modum
762 4795 937 4877 diadematis,
954 4809 977 4875 .²
996 4810 1051 4864 quo
1104 4796 1123 4852 l.
1138 4795 1194 4852 ic.
1211 4794 1576 4854 monturudtuesisnuss.

265 4860 505 4930 dependentium
519 4864 554 4919 ab
577 4873 691 4934 utraque
712 4873 799 4936 parte.
814 4864 928 4931 Quidem
953 4863 1051 4920 ininius
1142 4866 1249 4922 cPaulo
1264 4812 1492 4937 posteliusionem
1512 4864 1704 4928 nominastis
1728 4868 1897 4928 inanienti

266 4932 436 4990 sacerdotum
451 4933 617 4991 illamentum
628 4936 768 4991 vocabant.
784 4935 835 4990 diti
845 4936 967 4990 scribunt
981 4931 1050 4989 iniu·
1104 4937 1214 4992 missilia
1228 4938 1368 4993 consulum
1381 4935 1465 4991 intelli
1484 4935 1515 5000 it,
1531 4944 1559 4989 et
1578 4950 1699 4992 munera
1715 4950 1811 4993 eorum
1829 4947 1896 4988 suni·

268 5001 309 5058 tas
323 5003 458 5059 filamentn
479 5004 539 5059 alba
558 5019 618 5061 esse
631 5006 728 5076 quibus
750 5006 848 5076 templu
871 5003 1051 5070 ornabuntur3
1104 5013 1152 5078 ptu
1178 5006 1294 5064 eduntur
1312 5006 1422 5078 populo,
1438 4948 1507 5060 inira
1523 5005 1568 5060 lib.
1585 5019 1624 5069 ιι,
1653 5003 1740 5062 form.
1766 5006 1794 5063 ι.
1816 5006 1834 5059 ι.
1854 5000 1894 5057 ib.

267 5079 296 5154 et
309 5073 391 5128 moris
401 5073 482 5130 tuisse
493 5080 522 5129 ut
532 5075 835 5146 nubentes‚priosquam
848 5073 1053 5129 meritidomum
1104 5075 1261 5143 l‘ubllcitns
1275 5075 1306 5131 b.
1330 5075 1365 5133 de
1381 5074 1464 5132 cond.
1483 5083 1512 5131 et
1534 5074 1691 5132 demonstr.
1716 5076 1796 5144 Quod
1809 5082 1895 5146 postea

268 5142 1057 5284 ninstidirillilffiiiillt'il„illumin
1104 5137 1895 5273 lmltliitlttmlil·illeiillitl·t’l

269 5280 384 5349 dignitas
399 5283 492 5339 habuit
504 5284 617 5356 insignio
641 5299 702 5340 sun.
718 5254 782 5338 Erat
795 5292 823 5338 et
849 5282 931 5339 iniula
951 5297 1053 5338 corona
1105 5234 1175 5353 ιῗῦ.
1189 5286 1223 5342 de
1235 5285 1345 5343 Consul.
1361 5286 1409 5342 lib.
1429 5302 1477 5342 ιιι.
1493 5285 1642 5340 llurtinuus
1656 5248 1896 5357 quoque'lrnpe’nff

270 5350 424 5430 imperialis.
437 5351 456 5407 i.
470 5353 517 5410 lin.
538 5354 565 5409 iu
583 5355 644 5410 lino.
656 5353 687 5409 C.
703 5353 738 5411 de
756 5355 836 5437 quad.
853 5349 1055 5435 presidentem
1104 5366 1150 5413 tor
1158 5357 1247 5427 spargi
1266 5358 1394 5428 pecunias
1407 5371 1423 5410 a
1434 5357 1591 5412 consulibus
1613 5359 1718 5425 vetuit,
1734 5354 1825 5413 novel.
1840 5345 1896 5407 toi.

269 5420 393 5476 maome
406 5423 479 5492 quud
492 5421 614 5481 Valerius
627 5433 708 5480 nouat
731 5422 849 5480 nobilem
871 5436 956 5492 magns
971 5436 1053 5490 quaen
1105 5431 1290 5503 περιύπάτων.
1306 5425 1389 5483 Fons.

270 5487 379 5572 felicem
387 5507 515 5563 pannum,
527 5494 620 5551 multis
632 5496 714 5577 curis,
723 5494 956 5576 solliciwdiuibun
972 5493 1055 5548 mise-
1140 5499 1154 5535 d
1168 5497 1206 5552 lle
1219 5497 1419 5579 erogationibus
1432 5503 1460 5550 et
1473 5495 1625 5565 sumptibus
1649 5499 1801 5578 consulum
1814 5495 1840 5551 in
1861 5491 1899 5556 li·

271 5574 372 5628 rusque
394 5560 531 5618 refertum.
547 5563 616 5620 Sunt
638 5573 719 5620 etnam
742 5563 831 5620 minias
843 5563 1009 5624 consulares,
1025 5568 1055 5617 et
1105 5565 1317 5624 dosetmrssrlia
1342 5567 1460 5637 loquitur
1474 5575 1656 5636 auctumque
1678 5567 1716 5624 de
1730 5559 1900 5624 revidelo·

271 5630 392 5753 prefecti
406 5634 541 5702 pretorio.
562 5643 592 5690 ut
607 5634 652 5716 tl
667 5634 698 5692 C.
714 5635 747 5690 de
760 5635 870 5717 Consul.
884 5634 904 5685 ι.
919 5631 967 5713 dn·
994 5632 1008 5702 ᾗ
1026 5631 1052 5686 i.
1104 5639 1208 5764 piscem
1222 5636 1249 5691 in
1261 5635 1406 5720 ‘dereliani
1419 5635 1494 5718 lilim
1509 5635 1624 5693 liloncm
1641 5637 1693 5694 lib.
1718 5653 1801 5706 triu,
1814 5631 1901 5694 ubido

272 5699 464 5828 idriis·
489 5700 1053 5844 lillsllititlilldidillbi
1127 5705 1341 5764 ²¹⁸‘¹⁰⁸⁸¹²¹¹⁰⁰
1355 5706 1484 5778 '‘lm'‘
1500 5706 1592 5763 ⁸⁸⁰⁸*
