<?xml version="1.0" encoding="UTF-8"?>
<!DOCTYPE html PUBLIC "-//W3C//DTD XHTML 1.0 Transitional//EN"
    "http://www.w3.org/TR/xhtml1/DTD/xhtml1-transitional.dtd">
<html xmlns="http://www.w3.org/1999/xhtml" xml:lang="en" lang="en">
 <head>
  <title>
</title>
<meta http-equiv="Content-Type" content="text/html;charset=utf-8" />
  <meta name='ocr-system' content='tesseract 3.04.00' />
  <meta name='ocr-capabilities' content='ocr_page ocr_carea ocr_par ocr_line ocrx_word'/>
</head>
<body>
  <div class='ocr_page' id='page_1' title='image "./patrologiaecurs144unkngoog_0517.png"; bbox 0 0 4059 6184; ppageno 0'>
   <div class='ocr_carea' id='block_1_1' title="bbox 234 276 1261 337">
    <p class='ocr_par' dir='ltr' id='par_1_1' title="bbox 234 276 1261 337">
     <span class='ocr_line' id='line_1_1' title="bbox 234 276 1261 337; baseline 0.007 -7"><span class='ocrx_word' id='word_1_1' title='bbox 234 277 311 331; x_wconf 76' lang='lat' dir='ltr'><strong>lbii&#39;</strong></span> <span class='ocrx_word' id='word_1_2' title='bbox 786 306 787 313; x_wconf 32' lang='grc' dir='ltr'>ι</span> <span class='ocrx_word' id='word_1_3' title='bbox 849 277 884 335; x_wconf 76' lang='lat' dir='ltr'><strong>il.</strong></span> <span class='ocrx_word' id='word_1_4' title='bbox 905 276 1044 336; x_wconf 74' lang='lat' dir='ltr'><strong>adnutu</strong></span> <span class='ocrx_word' id='word_1_5' title='bbox 1061 279 1261 337; x_wconf 76' lang='lat' dir='ltr'><strong>casstobottt</strong></span> 
     </span>
    </p>
   </div>
   <div class='ocr_carea' id='block_1_2' title="bbox 1798 270 1860 350">
    <p class='ocr_par' dir='ltr' id='par_1_2' title="bbox 1798 270 1860 350">
     <span class='ocr_line' id='line_1_2' title="bbox 1798 270 1860 350; baseline 0.065 -3"><span class='ocrx_word' id='word_1_6' title='bbox 1798 270 1860 350; x_wconf 85' lang='lat' dir='ltr'><strong>rint</strong></span> 
     </span>
    </p>
   </div>
   <div class='ocr_carea' id='block_1_3' title="bbox 229 368 1860 472">
    <p class='ocr_par' dir='ltr' id='par_1_3' title="bbox 229 368 1860 472">
     <span class='ocr_line' id='line_1_3' title="bbox 229 368 1860 472; baseline 0.007 -29"><span class='ocrx_word' id='word_1_7' title='bbox 229 391 331 460; x_wconf 78' lang='lat' dir='ltr'><strong>piotme</strong></span> <span class='ocrx_word' id='word_1_8' title='bbox 353 389 391 445; x_wconf 90' lang='lat' dir='ltr'><strong>tui</strong></span> <span class='ocrx_word' id='word_1_9' title='bbox 407 390 500 460; x_wconf 83' lang='lat' dir='ltr'><strong>patris,</strong></span> <span class='ocrx_word' id='word_1_10' title='bbox 521 396 548 443; x_wconf 92' lang='lat' dir='ltr'><strong>et</strong></span> <span class='ocrx_word' id='word_1_11' title='bbox 570 385 624 443; x_wconf 87' lang='lat' dir='ltr'><strong>tois</strong></span> <span class='ocrx_word' id='word_1_12' title='bbox 646 403 754 460; x_wconf 80' lang='lat' dir='ltr'><strong>quoque</strong></span> <span class='ocrx_word' id='word_1_13' title='bbox 781 398 843 445; x_wconf 84' lang='lat' dir='ltr'><strong>smrt</strong></span> <span class='ocrx_word' id='word_1_14' title='bbox 870 400 1028 447; x_wconf 76' lang='lat' dir='ltr'><strong>conservata</strong></span> <span class='ocrx_word' id='word_1_15' title='bbox 1043 397 1249 463; x_wconf 68' lang='lat' dir='ltr'><strong>Ascaniusque</strong></span> <span class='ocrx_word' id='word_1_16' title='bbox 1264 408 1374 463; x_wconf 77' lang='lat' dir='ltr'><strong>meror,</strong></span> <span class='ocrx_word' id='word_1_17' title='bbox 1390 404 1420 451; x_wconf 91' lang='lat' dir='ltr'><strong>ut</strong></span> <span class='ocrx_word' id='word_1_18' title='bbox 1438 397 1598 456; x_wconf 76' lang='lat' dir='ltr'><strong>beatissimis</strong></span> <span class='ocrx_word' id='word_1_19' title='bbox 1617 368 1779 471; x_wconf 78' lang='lat' dir='ltr'><strong>temporibus</strong></span> <span class='ocrx_word' id='word_1_20' title='bbox 1804 409 1860 472; x_wconf 75' lang='lat' dir='ltr'><strong>toi·¹</strong></span> 
     </span>
    </p>
   </div>
   <div class='ocr_carea' id='block_1_4' title="bbox 228 479 1863 1202">
    <p class='ocr_par' dir='ltr' id='par_1_4' title="bbox 228 479 1863 1202">
     <span class='ocr_line' id='line_1_4' title="bbox 231 479 1861 565; baseline 0.011 -32"><span class='ocrx_word' id='word_1_21' title='bbox 231 480 407 551; x_wconf 86' lang='lat' dir='ltr'><strong>temporibus.</strong></span> <span class='ocrx_word' id='word_1_22' title='bbox 423 479 515 549; x_wconf 62' lang='lat' dir='ltr'><strong>Mane</strong></span> <span class='ocrx_word' id='word_1_23' title='bbox 528 479 563 533; x_wconf 87' lang='lat' dir='ltr'><strong>de</strong></span> <span class='ocrx_word' id='word_1_24' title='bbox 576 488 676 536; x_wconf 76' lang='lat' dir='ltr'><strong>cetero</strong></span> <span class='ocrx_word' id='word_1_25' title='bbox 686 494 737 536; x_wconf 88' lang='lat' dir='ltr'><strong>nos</strong></span> <span class='ocrx_word' id='word_1_26' title='bbox 751 479 867 550; x_wconf 78' lang='lat' dir='ltr'><strong>fatigari,</strong></span> <span class='ocrx_word' id='word_1_27' title='bbox 886 489 914 537; x_wconf 86' lang='lat' dir='ltr'><strong>et</strong></span> <span class='ocrx_word' id='word_1_28' title='bbox 934 498 948 536; x_wconf 91' lang='lat' dir='ltr'><strong>a</strong></span> <span class='ocrx_word' id='word_1_29' title='bbox 964 498 1029 553; x_wconf 92' lang='lat' dir='ltr'><strong>pro·</strong></span> <span class='ocrx_word' id='word_1_30' title='bbox 1079 492 1161 540; x_wconf 79' lang='lat' dir='ltr'><strong>tantm</strong></span> <span class='ocrx_word' id='word_1_31' title='bbox 1177 484 1303 542; x_wconf 78' lang='lat' dir='ltr'><strong>Ecclesiae</strong></span> <span class='ocrx_word' id='word_1_32' title='bbox 1318 488 1427 556; x_wconf 82' lang='lat' dir='ltr'><strong>private</strong></span> <span class='ocrx_word' id='word_1_33' title='bbox 1440 488 1581 545; x_wconf 85' lang='lat' dir='ltr'><strong>rideantur</strong></span> <span class='ocrx_word' id='word_1_34' title='bbox 1593 490 1736 562; x_wconf 88' lang='lat' dir='ltr'><strong>episeopis.</strong></span> <span class='ocrx_word' id='word_1_35' title='bbox 1752 492 1784 549; x_wconf 86' lang='lat' dir='ltr'><strong>Et</strong></span> <span class='ocrx_word' id='word_1_36' title='bbox 1807 511 1861 565; x_wconf 87' lang='lat' dir='ltr'><strong>pro-</strong></span> 
     </span>
     <span class='ocr_line' id='line_1_5' title="bbox 230 571 1863 654; baseline 0.011 -28"><span class='ocrx_word' id='word_1_37' title='bbox 230 573 295 641; x_wconf 85' lang='lat' dir='ltr'><strong>priis</strong></span> <span class='ocrx_word' id='word_1_38' title='bbox 310 572 444 642; x_wconf 85' lang='lat' dir='ltr'><strong>parochiis</strong></span> <span class='ocrx_word' id='word_1_39' title='bbox 457 571 559 627; x_wconf 85' lang='lat' dir='ltr'><strong>alienos</strong></span> <span class='ocrx_word' id='word_1_40' title='bbox 572 586 633 628; x_wconf 88' lang='lat' dir='ltr'><strong>esse</strong></span> <span class='ocrx_word' id='word_1_41' title='bbox 648 574 796 643; x_wconf 82' lang='lat' dir='ltr'><strong>pemaittas,</strong></span> <span class='ocrx_word' id='word_1_42' title='bbox 817 586 949 644; x_wconf 85' lang='lat' dir='ltr'><strong>quatenus</strong></span> <span class='ocrx_word' id='word_1_43' title='bbox 969 575 1027 644; x_wconf 88' lang='lat' dir='ltr'><strong>epi-</strong></span> <span class='ocrx_word' id='word_1_44' title='bbox 1079 584 1171 646; x_wconf 87' lang='lat' dir='ltr'><strong>pterea</strong></span> <span class='ocrx_word' id='word_1_45' title='bbox 1185 594 1280 634; x_wconf 90' lang='lat' dir='ltr'><strong>rursus</strong></span> <span class='ocrx_word' id='word_1_46' title='bbox 1293 587 1367 635; x_wconf 91' lang='lat' dir='ltr'><strong>tuam</strong></span> <span class='ocrx_word' id='word_1_47' title='bbox 1382 579 1552 637; x_wconf 88' lang='lat' dir='ltr'><strong>elementiam</strong></span> <span class='ocrx_word' id='word_1_48' title='bbox 1566 582 1751 654; x_wconf 76' lang='lat' dir='ltr'>deprecamur,</span> <span class='ocrx_word' id='word_1_49' title='bbox 1763 584 1863 645; x_wconf 74' lang='lat' dir='ltr'><strong>dontine</strong></span> 
     </span>
     <span class='ocr_line' id='line_1_6' title="bbox 229 662 1862 746; baseline 0.01 -30"><span class='ocrx_word' id='word_1_50' title='bbox 229 662 305 731; x_wconf 87' lang='lat' dir='ltr'><strong>scopi</strong></span> <span class='ocrx_word' id='word_1_51' title='bbox 320 676 380 717; x_wconf 90' lang='lat' dir='ltr'><strong>emo</strong></span> <span class='ocrx_word' id='word_1_52' title='bbox 394 662 505 732; x_wconf 83' lang='lat' dir='ltr'><strong>proprio</strong></span> <span class='ocrx_word' id='word_1_53' title='bbox 523 662 625 732; x_wconf 89' lang='lat' dir='ltr'><strong>populo</strong></span> <span class='ocrx_word' id='word_1_54' title='bbox 644 664 671 717; x_wconf 93' lang='lat' dir='ltr'><strong>in</strong></span> <span class='ocrx_word' id='word_1_55' title='bbox 691 679 758 735; x_wconf 88' lang='lat' dir='ltr'><strong>pace</strong></span> <span class='ocrx_word' id='word_1_56' title='bbox 780 680 861 721; x_wconf 88' lang='lat' dir='ltr'><strong>orare</strong></span> <span class='ocrx_word' id='word_1_57' title='bbox 886 673 914 722; x_wconf 89' lang='lat' dir='ltr'><strong>et</strong></span> <span class='ocrx_word' id='word_1_58' title='bbox 935 664 1028 721; x_wconf 87' lang='lat' dir='ltr'><strong>dirirm</strong></span> <span class='ocrx_word' id='word_1_59' title='bbox 1079 669 1134 725; x_wconf 86' lang='lat' dir='ltr'><strong>beo</strong></span> <span class='ocrx_word' id='word_1_60' title='bbox 1146 670 1269 726; x_wconf 88' lang='lat' dir='ltr'><strong>amabilis</strong></span> <span class='ocrx_word' id='word_1_61' title='bbox 1288 671 1445 744; x_wconf 84' lang='lat' dir='ltr'><strong>imperator,</strong></span> <span class='ocrx_word' id='word_1_62' title='bbox 1459 681 1489 728; x_wconf 90' lang='lat' dir='ltr'><strong>ut</strong></span> <span class='ocrx_word' id='word_1_63' title='bbox 1506 683 1570 730; x_wconf 89' lang='lat' dir='ltr'><strong>ante</strong></span> <span class='ocrx_word' id='word_1_64' title='bbox 1584 675 1755 746; x_wconf 73' lang='lat' dir='ltr'><strong>asperitatem</strong></span> <span class='ocrx_word' id='word_1_65' title='bbox 1776 674 1862 733; x_wconf 82' lang='lat' dir='ltr'><strong>biantis</strong></span> 
     </span>
     <span class='ocr_line' id='line_1_7' title="bbox 228 754 1858 836; baseline 0.01 -28"><span class='ocrx_word' id='word_1_66' title='bbox 228 754 311 809; x_wconf 91' lang='lat' dir='ltr'><strong>oultui</strong></span> <span class='ocrx_word' id='word_1_67' title='bbox 327 767 424 809; x_wconf 80' lang='lat' dir='ltr'><strong>vacare</strong></span> <span class='ocrx_word' id='word_1_68' title='bbox 438 754 560 823; x_wconf 87' lang='lat' dir='ltr'><strong>possint:</strong></span> <span class='ocrx_word' id='word_1_69' title='bbox 573 755 756 827; x_wconf 68' lang='lat' dir='ltr'><strong>supplicantes</strong></span> <span class='ocrx_word' id='word_1_70' title='bbox 769 757 825 812; x_wconf 83' lang='lat' dir='ltr'><strong>lieo</strong></span> <span class='ocrx_word' id='word_1_71' title='bbox 846 772 897 828; x_wconf 92' lang='lat' dir='ltr'><strong>pro</strong></span> <span class='ocrx_word' id='word_1_72' title='bbox 912 773 978 828; x_wconf 89' lang='lat' dir='ltr'><strong>paee</strong></span> <span class='ocrx_word' id='word_1_73' title='bbox 989 756 1027 811; x_wconf 90' lang='lat' dir='ltr'><strong>tui</strong></span> <span class='ocrx_word' id='word_1_74' title='bbox 1078 761 1112 829; x_wconf 79' lang='lat' dir='ltr'><strong>(si</strong></span> <span class='ocrx_word' id='word_1_75' title='bbox 1128 769 1219 816; x_wconf 88' lang='lat' dir='ltr'><strong>tamen</strong></span> <span class='ocrx_word' id='word_1_76' title='bbox 1230 770 1327 818; x_wconf 75' lang='lat' dir='ltr'><strong>restrae</strong></span> <span class='ocrx_word' id='word_1_77' title='bbox 1340 764 1429 834; x_wconf 84' lang='lat' dir='ltr'><strong>placet</strong></span> <span class='ocrx_word' id='word_1_78' title='bbox 1439 765 1543 836; x_wconf 80' lang='lat' dir='ltr'><strong>pietati)</strong></span> <span class='ocrx_word' id='word_1_79' title='bbox 1556 780 1604 821; x_wconf 92' lang='lat' dir='ltr'><strong>nos</strong></span> <span class='ocrx_word' id='word_1_80' title='bbox 1615 765 1648 821; x_wconf 89' lang='lat' dir='ltr'><strong>ad</strong></span> <span class='ocrx_word' id='word_1_81' title='bbox 1660 772 1763 821; x_wconf 90' lang='lat' dir='ltr'><strong>nostras</strong></span> <span class='ocrx_word' id='word_1_82' title='bbox 1775 765 1858 824; x_wconf 80' lang='lat' dir='ltr'><strong>Eccle-</strong></span> 
     </span>
     <span class='ocr_line' id='line_1_8' title="bbox 231 845 1861 932; baseline 0.009 -31"><span class='ocrx_word' id='word_1_83' title='bbox 231 845 334 916; x_wconf 89' lang='lat' dir='ltr'><strong>imperii</strong></span> <span class='ocrx_word' id='word_1_84' title='bbox 347 845 448 916; x_wconf 85' lang='lat' dir='ltr'><strong>pariter</strong></span> <span class='ocrx_word' id='word_1_85' title='bbox 459 847 602 912; x_wconf 86' lang='lat' dir='ltr'><strong>etsalutis‚</strong></span> <span class='ocrx_word' id='word_1_86' title='bbox 614 862 696 916; x_wconf 77' lang='lat' dir='ltr'><strong>quam</strong></span> <span class='ocrx_word' id='word_1_87' title='bbox 712 848 757 902; x_wconf 91' lang='lat' dir='ltr'><strong>tibi</strong></span> <span class='ocrx_word' id='word_1_88' title='bbox 769 847 899 903; x_wconf 84' lang='lat' dir='ltr'><strong>Divinitas</strong></span> <span class='ocrx_word' id='word_1_89' title='bbox 913 849 939 905; x_wconf 91' lang='lat' dir='ltr'><strong>in</strong></span> <span class='ocrx_word' id='word_1_90' title='bbox 964 862 1028 918; x_wconf 91' lang='lat' dir='ltr'><strong>per·</strong></span> <span class='ocrx_word' id='word_1_91' title='bbox 1078 854 1132 909; x_wconf 89' lang='lat' dir='ltr'><strong>sias</strong></span> <span class='ocrx_word' id='word_1_92' title='bbox 1146 868 1267 911; x_wconf 86' lang='lat' dir='ltr'><strong>remeare</strong></span> <span class='ocrx_word' id='word_1_93' title='bbox 1277 857 1432 928; x_wconf 61' lang='lat' dir='ltr'><strong>precipiam</strong></span> <span class='ocrx_word' id='word_1_94' title='bbox 1449 865 1582 929; x_wconf 84' lang='lat' dir='ltr'><strong>quatenus</strong></span> <span class='ocrx_word' id='word_1_95' title='bbox 1594 858 1674 914; x_wconf 91' lang='lat' dir='ltr'><strong>etiam</strong></span> <span class='ocrx_word' id='word_1_96' title='bbox 1693 872 1764 917; x_wconf 86' lang='lat' dir='ltr'><strong>nunc</strong></span> <span class='ocrx_word' id='word_1_97' title='bbox 1782 861 1861 932; x_wconf 89' lang='lat' dir='ltr'><strong>possi-</strong></span> 
     </span>
     <span class='ocr_line' id='line_1_9' title="bbox 229 936 1863 1016; baseline 0.009 -26"><span class='ocrx_word' id='word_1_98' title='bbox 229 944 340 1008; x_wconf 84' lang='lat' dir='ltr'><strong>petutrrn</strong></span> <span class='ocrx_word' id='word_1_99' title='bbox 364 936 502 1003; x_wconf 82' lang='lat' dir='ltr'><strong>largiatur.</strong></span> <span class='ocrx_word' id='word_1_100' title='bbox 529 937 619 992; x_wconf 82' lang='lat' dir='ltr'><strong>Nostri</strong></span> <span class='ocrx_word' id='word_1_101' title='bbox 642 954 708 994; x_wconf 79' lang='lat' dir='ltr'><strong>uero</strong></span> <span class='ocrx_word' id='word_1_102' title='bbox 731 940 810 1010; x_wconf 88' lang='lat' dir='ltr'><strong>legati</strong></span> <span class='ocrx_word' id='word_1_103' title='bbox 839 942 1028 1011; x_wconf 88' lang='lat' dir='ltr'><strong>episcoporum</strong></span> <span class='ocrx_word' id='word_1_104' title='bbox 1079 948 1138 999; x_wconf 88' lang='lat' dir='ltr'><strong>nius</strong></span> <span class='ocrx_word' id='word_1_105' title='bbox 1160 945 1336 1016; x_wconf 83' lang='lat' dir='ltr'><strong>omnipotenti</strong></span> <span class='ocrx_word' id='word_1_106' title='bbox 1360 944 1416 1001; x_wconf 82' lang='lat' dir='ltr'><strong>lieu</strong></span> <span class='ocrx_word' id='word_1_107' title='bbox 1437 955 1464 1001; x_wconf 92' lang='lat' dir='ltr'><strong>et</strong></span> <span class='ocrx_word' id='word_1_108' title='bbox 1486 944 1600 1002; x_wconf 86' lang='lat' dir='ltr'><strong>Domino</strong></span> <span class='ocrx_word' id='word_1_109' title='bbox 1620 946 1753 1003; x_wconf 82' lang='lat' dir='ltr'><strong>Salvatori</strong></span> <span class='ocrx_word' id='word_1_110' title='bbox 1779 959 1863 1004; x_wconf 87' lang='lat' dir='ltr'><strong>nostro</strong></span> 
     </span>
     <span class='ocr_line' id='line_1_10' title="bbox 229 1026 1863 1110; baseline 0.01 -30"><span class='ocrx_word' id='word_1_111' title='bbox 229 1026 439 1096; x_wconf 75' lang='lat' dir='ltr'><strong>subscriptiones</strong></span> <span class='ocrx_word' id='word_1_112' title='bbox 454 1037 481 1082; x_wconf 90' lang='lat' dir='ltr'><strong>et</strong></span> <span class='ocrx_word' id='word_1_113' title='bbox 495 1032 604 1084; x_wconf 87' lang='lat' dir='ltr'><strong>nomina</strong></span> <span class='ocrx_word' id='word_1_114' title='bbox 617 1028 752 1095; x_wconf 79' lang='lat' dir='ltr'><strong>deterrunt,</strong></span> <span class='ocrx_word' id='word_1_115' title='bbox 763 1033 808 1101; x_wconf 84' lang='lat' dir='ltr'><strong>qui</strong></span> <span class='ocrx_word' id='word_1_116' title='bbox 821 1032 901 1087; x_wconf 86' lang='lat' dir='ltr'><strong>etiarn</strong></span> <span class='ocrx_word' id='word_1_117' title='bbox 912 1033 1029 1089; x_wconf 89' lang='lat' dir='ltr'><strong>lectione</strong></span> <span class='ocrx_word' id='word_1_118' title='bbox 1078 1033 1197 1104; x_wconf 88' lang='lat' dir='ltr'><strong>Christo,</strong></span> <span class='ocrx_word' id='word_1_119' title='bbox 1208 1034 1267 1106; x_wconf 86' lang='lat' dir='ltr'><strong>ejus</strong></span> <span class='ocrx_word' id='word_1_120' title='bbox 1282 1034 1349 1091; x_wconf 78' lang='lat' dir='ltr'><strong>tirio</strong></span> <span class='ocrx_word' id='word_1_121' title='bbox 1362 1037 1512 1105; x_wconf 81' lang='lat' dir='ltr'><strong>unigenito,</strong></span> <span class='ocrx_word' id='word_1_122' title='bbox 1528 1054 1577 1109; x_wconf 88' lang='lat' dir='ltr'><strong>pro</strong></span> <span class='ocrx_word' id='word_1_123' title='bbox 1593 1046 1638 1094; x_wconf 91' lang='lat' dir='ltr'><strong>tuo</strong></span> <span class='ocrx_word' id='word_1_124' title='bbox 1652 1040 1762 1110; x_wconf 85' lang='lat' dir='ltr'><strong>irnperio</strong></span> <span class='ocrx_word' id='word_1_125' title='bbox 1775 1043 1863 1097; x_wconf 86' lang='lat' dir='ltr'><strong>solem·</strong></span> 
     </span>
     <span class='ocr_line' id='line_1_11' title="bbox 228 1116 1862 1202; baseline 0.011 -30"><span class='ocrx_word' id='word_1_126' title='bbox 228 1116 326 1172; x_wconf 76' lang='lat' dir='ltr'><strong>utrina</strong></span> <span class='ocrx_word' id='word_1_127' title='bbox 338 1116 485 1188; x_wconf 72' lang='lat' dir='ltr'><strong>scripturae</strong></span> <span class='ocrx_word' id='word_1_128' title='bbox 498 1121 657 1190; x_wconf 75' lang='lat' dir='ltr'><strong>religionem</strong></span> <span class='ocrx_word' id='word_1_129' title='bbox 670 1130 745 1177; x_wconf 90' lang='lat' dir='ltr'><strong>tuam</strong></span> <span class='ocrx_word' id='word_1_130' title='bbox 759 1133 887 1194; x_wconf 88' lang='lat' dir='ltr'><strong>poterunt</strong></span> <span class='ocrx_word' id='word_1_131' title='bbox 900 1127 1026 1184; x_wconf 90' lang='lat' dir='ltr'><strong>edocere.</strong></span> <span class='ocrx_word' id='word_1_132' title='bbox 1080 1139 1129 1180; x_wconf 90' lang='lat' dir='ltr'><strong>nes</strong></span> <span class='ocrx_word' id='word_1_133' title='bbox 1148 1126 1287 1182; x_wconf 89' lang='lat' dir='ltr'><strong>orationes</strong></span> <span class='ocrx_word' id='word_1_134' title='bbox 1301 1127 1441 1184; x_wconf 88' lang='lat' dir='ltr'><strong>celebrare</strong></span> <span class='ocrx_word' id='word_1_135' title='bbox 1455 1144 1515 1184; x_wconf 91' lang='lat' dir='ltr'><strong>cum</strong></span> <span class='ocrx_word' id='word_1_136' title='bbox 1531 1130 1641 1202; x_wconf 87' lang='lat' dir='ltr'><strong>papule.</strong></span> <span class='ocrx_word' id='word_1_137' title='bbox 1663 1130 1809 1201; x_wconf 84' lang='lat' dir='ltr'><strong>Socrrrres,</strong></span> <span class='ocrx_word' id='word_1_138' title='bbox 1823 1134 1862 1190; x_wconf 84' lang='grc' dir='ltr'>ιιι.</span> 
     </span>
    </p>
   </div>
   <div class='ocr_carea' id='block_1_5' title="bbox 229 1204 1030 1650">
    <p class='ocr_par' dir='ltr' id='par_1_5' title="bbox 229 1204 859 1281">
     <span class='ocr_line' id='line_1_12' title="bbox 229 1204 859 1281; baseline 0.011 -21"><span class='ocrx_word' id='word_1_139' title='bbox 229 1204 438 1274; x_wconf 67' lang='lat' dir='ltr'><strong>&#39;interuentus</strong></span> <span class='ocrx_word' id='word_1_140' title='bbox 451 1208 496 1263; x_wconf 84' lang='lat' dir='ltr'><strong>tn.</strong></span> <span class='ocrx_word' id='word_1_141' title='bbox 512 1226 541 1271; x_wconf 90' lang='grc' dir='ltr'><strong>ιι,</strong></span> <span class='ocrx_word' id='word_1_142' title='bbox 556 1227 615 1281; x_wconf 83' lang='lat' dir='ltr'><strong>cop.</strong></span> <span class='ocrx_word' id='word_1_143' title='bbox 629 1209 663 1265; x_wconf 86' lang='grc'><strong>18</strong></span> <span class='ocrx_word' id='word_1_144' title='bbox 673 1221 698 1265; x_wconf 86' lang='lat' dir='ltr'><strong>et</strong></span> <span class='ocrx_word' id='word_1_145' title='bbox 713 1210 756 1275; x_wconf 84' lang='grc'><strong>19,</strong></span> <span class='ocrx_word' id='word_1_146' title='bbox 772 1231 798 1281; x_wconf 82' lang='lat' dir='ltr'><strong>p.</strong></span> <span class='ocrx_word' id='word_1_147' title='bbox 814 1215 859 1269; x_wconf 71' lang='grc' dir='ltr'>ιιι.</span> 
     </span>
    </p>

    <p class='ocr_par' dir='ltr' id='par_1_6' title="bbox 229 1291 1030 1650">
     <span class='ocr_line' id='line_1_13' title="bbox 264 1291 1029 1376; baseline 0.01 -23"><span class='ocrx_word' id='word_1_148' title='bbox 264 1291 329 1354; x_wconf 71' lang='lat' dir='ltr'><strong>Bac</strong></span> <span class='ocrx_word' id='word_1_149' title='bbox 340 1298 558 1371; x_wconf 67' lang='lat' dir='ltr'><strong>itaquespnodus</strong></span> <span class='ocrx_word' id='word_1_150' title='bbox 568 1301 686 1371; x_wconf 84' lang='lat' dir='ltr'><strong>scripsit,</strong></span> <span class='ocrx_word' id='word_1_151' title='bbox 697 1311 725 1358; x_wconf 91' lang='lat' dir='ltr'><strong>et</strong></span> <span class='ocrx_word' id='word_1_152' title='bbox 734 1318 785 1374; x_wconf 89' lang='lat' dir='ltr'><strong>per</strong></span> <span class='ocrx_word' id='word_1_153' title='bbox 792 1304 936 1376; x_wconf 83' lang='lat' dir='ltr'><strong>episeopus</strong></span> <span class='ocrx_word' id='word_1_154' title='bbox 947 1307 1029 1363; x_wconf 90' lang='lat' dir='ltr'><strong>dcsti·</strong></span> 
     </span>
     <span class='ocr_line' id='line_1_14' title="bbox 233 1388 1030 1466; baseline 0.013 -22"><span class='ocrx_word' id='word_1_155' title='bbox 233 1391 312 1445; x_wconf 78' lang='lat' dir='ltr'><strong>navit.</strong></span> <span class='ocrx_word' id='word_1_156' title='bbox 330 1388 457 1447; x_wconf 84' lang='lat' dir='ltr'><strong>Ursacius</strong></span> <span class='ocrx_word' id='word_1_157' title='bbox 471 1400 561 1446; x_wconf 89' lang='lat' dir='ltr'><strong>autem</strong></span> <span class='ocrx_word' id='word_1_158' title='bbox 573 1401 600 1446; x_wconf 91' lang='lat' dir='ltr'><strong>et</strong></span> <span class='ocrx_word' id='word_1_159' title='bbox 612 1392 711 1449; x_wconf 80' lang='lat' dir='ltr'><strong>Valens</strong></span> <span class='ocrx_word' id='word_1_160' title='bbox 725 1409 818 1451; x_wconf 86' lang='lat' dir='ltr'><strong>eorum</strong></span> <span class='ocrx_word' id='word_1_161' title='bbox 834 1398 1030 1466; x_wconf 73' lang='lat' dir='ltr'><strong>prevenientes</strong></span> 
     </span>
     <span class='ocr_line' id='line_1_15' title="bbox 230 1480 1028 1551; baseline 0.008 -16"><span class='ocrx_word' id='word_1_162' title='bbox 230 1480 385 1546; x_wconf 82' lang='lat' dir='ltr'><strong>adventurn,</strong></span> <span class='ocrx_word' id='word_1_163' title='bbox 412 1480 612 1551; x_wconf 84' lang='lat' dir='ltr'><strong>derogaverunt</strong></span> <span class='ocrx_word' id='word_1_164' title='bbox 635 1485 752 1541; x_wconf 80' lang='lat' dir='ltr'><strong>concido</strong></span> <span class='ocrx_word' id='word_1_165' title='bbox 765 1503 772 1538; x_wconf 76' lang='grc' dir='ltr'><strong>ε</strong></span> <span class='ocrx_word' id='word_1_166' title='bbox 787 1486 962 1543; x_wconf 71' lang='lat' dir='ltr'><strong>ostendentes</strong></span> <span class='ocrx_word' id='word_1_167' title='bbox 976 1487 1028 1541; x_wconf 91' lang='lat' dir='ltr'><strong>im-</strong></span> 
     </span>
     <span class='ocr_line' id='line_1_16' title="bbox 229 1571 1030 1650; baseline 0.009 -24"><span class='ocrx_word' id='word_1_168' title='bbox 229 1574 347 1641; x_wconf 88' lang='lat' dir='ltr'><strong>peratori</strong></span> <span class='ocrx_word' id='word_1_169' title='bbox 362 1574 560 1643; x_wconf 81' lang='lat' dir='ltr'><strong>expositionem</strong></span> <span class='ocrx_word' id='word_1_170' title='bbox 574 1571 635 1630; x_wconf 85' lang='lat' dir='ltr'><strong>ddei</strong></span> <span class='ocrx_word' id='word_1_171' title='bbox 648 1590 731 1644; x_wconf 83' lang='lat' dir='ltr'><strong>quatu</strong></span> <span class='ocrx_word' id='word_1_172' title='bbox 744 1577 898 1646; x_wconf 86' lang='lat' dir='ltr'><strong>portabant.</strong></span> <span class='ocrx_word' id='word_1_173' title='bbox 914 1577 1030 1650; x_wconf 88' lang='lat' dir='ltr'><strong>impera·</strong></span> 
     </span>
    </p>
   </div>
   <div class='ocr_carea' id='block_1_6' title="bbox 1079 1215 1795 1406">
    <p class='ocr_par' dir='ltr' id='par_1_7' title="bbox 1079 1215 1795 1406">
     <span class='ocr_line' id='line_1_17' title="bbox 1079 1215 1795 1293; baseline 0.007 -21"><span class='ocrx_word' id='word_1_174' title='bbox 1079 1233 1107 1279; x_wconf 87' lang='lat' dir='ltr'><strong>rr,</strong></span> <span class='ocrx_word' id='word_1_175' title='bbox 1123 1215 1434 1288; x_wconf 73' lang='grc' dir='ltr'>ιιιρ.1ιι;ειιιι.131ιιιιι.</span> <span class='ocrx_word' id='word_1_176' title='bbox 1455 1219 1541 1274; x_wconf 86' lang='lat' dir='ltr'><strong>i&#39;cles.</strong></span> <span class='ocrx_word' id='word_1_177' title='bbox 1558 1236 1616 1291; x_wconf 84' lang='lat' dir='ltr'><strong>cop.</strong></span> <span class='ocrx_word' id='word_1_178' title='bbox 1633 1219 1679 1285; x_wconf 77' lang='lat' dir='ltr'><strong>st,</strong></span> <span class='ocrx_word' id='word_1_179' title='bbox 1695 1239 1720 1293; x_wconf 86' lang='lat' dir='ltr'><strong>p.</strong></span> <span class='ocrx_word' id='word_1_180' title='bbox 1737 1220 1795 1278; x_wconf 75' lang='lat' dir='ltr'><strong>ldb.</strong></span> 
     </span>
     <span class='ocr_line' id='line_1_18' title="bbox 1190 1320 1589 1406; baseline 0.008 -3"><span class='ocrx_word' id='word_1_181' title='bbox 1190 1320 1195 1327; x_wconf 77' lang='grc'><strong>’</strong></span> <span class='ocrx_word' id='word_1_182' title='bbox 1361 1348 1477 1406; x_wconf 79' lang='lat' dir='ltr'><strong>carue</strong></span> <span class='ocrx_word' id='word_1_183' title='bbox 1496 1350 1589 1406; x_wconf 61' lang='grc' dir='ltr'><strong>ιιιίιὂ</strong></span> 
     </span>
    </p>
   </div>
   <div class='ocr_carea' id='block_1_7' title="bbox 1068 1441 1865 1515">
    <p class='ocr_par' dir='ltr' id='par_1_8' title="bbox 1068 1441 1865 1515">
     <span class='ocr_line' id='line_1_19' title="bbox 1068 1441 1865 1515; baseline 0.006 -19"><span class='ocrx_word' id='word_1_184' title='bbox 1068 1441 1156 1507; x_wconf 73' lang='lat' dir='ltr'><strong>-erod</strong></span> <span class='ocrx_word' id='word_1_185' title='bbox 1179 1441 1368 1499; x_wconf 61' lang='lat' dir='ltr'><strong>intuentibus</strong></span> <span class='ocrx_word' id='word_1_186' title='bbox 1393 1443 1519 1512; x_wconf 68' lang='lat' dir='ltr'><strong>meropis</strong></span> <span class='ocrx_word' id='word_1_187' title='bbox 1543 1445 1620 1515; x_wconf 73' lang='lat' dir='ltr'><strong>[urit</strong></span> <span class='ocrx_word' id='word_1_188' title='bbox 1641 1443 1804 1501; x_wconf 77' lang='lat' dir='ltr'><strong>Constantine</strong></span> <span class='ocrx_word' id='word_1_189' title='bbox 1822 1446 1865 1501; x_wconf 70' lang='lat' dir='ltr'><strong>‘tit-</strong></span> 
     </span>
    </p>
   </div>
   <div class='ocr_carea' id='block_1_8' title="bbox 1116 1512 1867 1671">
    <p class='ocr_par' dir='ltr' id='par_1_9' title="bbox 1116 1512 1867 1671">
     <span class='ocr_line' id='line_1_20' title="bbox 1410 1512 1542 1583; baseline 0.008 -18"><span class='ocrx_word' id='word_1_190' title='bbox 1410 1512 1542 1583; x_wconf 75' lang='lat' dir='ltr'><strong>dignutus.</strong></span> 
     </span>
     <span class='ocr_line' id='line_1_21' title="bbox 1116 1597 1867 1671; baseline 0.001 -14"><span class='ocrx_word' id='word_1_191' title='bbox 1116 1601 1182 1657; x_wconf 87' lang='lat' dir='ltr'><strong>Com</strong></span> <span class='ocrx_word' id='word_1_192' title='bbox 1198 1601 1255 1656; x_wconf 80' lang='lat' dir='ltr'><strong>bec</strong></span> <span class='ocrx_word' id='word_1_193' title='bbox 1280 1600 1459 1671; x_wconf 84' lang='lat' dir='ltr'><strong>scripsissent,</strong></span> <span class='ocrx_word' id='word_1_194' title='bbox 1482 1609 1509 1657; x_wconf 89' lang='lat' dir='ltr'><strong>ct</strong></span> <span class='ocrx_word' id='word_1_195' title='bbox 1534 1597 1668 1658; x_wconf 89' lang='lat' dir='ltr'><strong>modicum</strong></span> <span class='ocrx_word' id='word_1_196' title='bbox 1690 1605 1867 1660; x_wconf 83' lang='lat' dir='ltr'><strong>sustinuissent</strong></span> 
     </span>
    </p>
   </div>
   <div class='ocr_carea' id='block_1_9' title="bbox 230 1661 1867 1773">
    <p class='ocr_par' dir='ltr' id='par_1_10' title="bbox 230 1661 1867 1773">
     <span class='ocr_line' id='line_1_22' title="bbox 230 1661 1867 1773; baseline 0.004 -57"><span class='ocrx_word' id='word_1_197' title='bbox 230 1669 274 1717; x_wconf 90' lang='lat' dir='ltr'><strong>tot·</strong></span> <span class='ocrx_word' id='word_1_198' title='bbox 286 1661 388 1718; x_wconf 80' lang='lat' dir='ltr'><strong>Ariane</strong></span> <span class='ocrx_word' id='word_1_199' title='bbox 401 1662 520 1732; x_wconf 75' lang='lat' dir='ltr'><strong>dogmati</strong></span> <span class='ocrx_word' id='word_1_200' title='bbox 536 1664 639 1728; x_wconf 79' lang='lat' dir='ltr'><strong>tacens,</strong></span> <span class='ocrx_word' id='word_1_201' title='bbox 655 1666 811 1735; x_wconf 87' lang='lat' dir='ltr'><strong>indignatur</strong></span> <span class='ocrx_word' id='word_1_202' title='bbox 833 1668 962 1723; x_wconf 74' lang='lat' dir='ltr'><strong>adversus</strong></span> <span class='ocrx_word' id='word_1_203' title='bbox 984 1683 1029 1740; x_wconf 80' lang='lat' dir='ltr'><strong>sy·</strong></span> <span class='ocrx_word' id='word_1_204' title='bbox 1083 1703 1198 1773; x_wconf 50' lang='lat' dir='ltr'><strong>mm,</strong></span> <span class='ocrx_word' id='word_1_205' title='bbox 1214 1696 1379 1765; x_wconf 53' lang='lat' dir='ltr'><strong>imperatore</strong></span> <span class='ocrx_word' id='word_1_206' title='bbox 1394 1694 1495 1749; x_wconf 67' lang='lat' dir='ltr'><strong>„uuum</strong></span> <span class='ocrx_word' id='word_1_207' title='bbox 1506 1695 1588 1752; x_wconf 56' lang='lat' dir='ltr'>dame</span> <span class='ocrx_word' id='word_1_208' title='bbox 1607 1713 1775 1768; x_wconf 52' lang='lat' dir='ltr'>responsum,</span> <span class='ocrx_word' id='word_1_209' title='bbox 1795 1701 1867 1773; x_wconf 55' lang='lat'><strong>239</strong></span> 
     </span>
    </p>
   </div>
   <div class='ocr_carea' id='block_1_10' title="bbox 230 1754 1115 1839">
    <p class='ocr_par' dir='ltr' id='par_1_11' title="bbox 230 1754 1115 1839">
     <span class='ocr_line' id='line_1_23' title="bbox 230 1754 1115 1839; baseline 0.008 -30"><span class='ocrx_word' id='word_1_210' title='bbox 230 1754 341 1821; x_wconf 85' lang='lat' dir='ltr'><strong>nodnnr,</strong></span> <span class='ocrx_word' id='word_1_211' title='bbox 355 1763 381 1811; x_wconf 91' lang='lat' dir='ltr'><strong>et</strong></span> <span class='ocrx_word' id='word_1_212' title='bbox 395 1754 537 1813; x_wconf 80' lang='lat' dir='ltr'><strong>Ursaciurn</strong></span> <span class='ocrx_word' id='word_1_213' title='bbox 552 1772 585 1813; x_wconf 89' lang='lat' dir='ltr'><strong>ae</strong></span> <span class='ocrx_word' id='word_1_214' title='bbox 599 1757 740 1814; x_wconf 77' lang='lat' dir='ltr'><strong>Veientem</strong></span> <span class='ocrx_word' id='word_1_215' title='bbox 757 1759 851 1829; x_wconf 89' lang='lat' dir='ltr'><strong>potius</strong></span> <span class='ocrx_word' id='word_1_216' title='bbox 871 1759 1026 1815; x_wconf 86' lang='lat' dir='ltr'><strong>bonoravit.</strong></span> <span class='ocrx_word' id='word_1_217' title='bbox 1046 1763 1115 1839; x_wconf 74' lang='lat' dir='ltr'><strong>ssad</strong></span> 
     </span>
    </p>
   </div>
   <div class='ocr_carea' id='block_1_11' title="bbox 230 1844 1031 2291">
    <p class='ocr_par' dir='ltr' id='par_1_12' title="bbox 230 1844 1031 2291">
     <span class='ocr_line' id='line_1_24' title="bbox 230 1844 1030 1918; baseline 0.005 -17"><span class='ocrx_word' id='word_1_218' title='bbox 230 1844 411 1913; x_wconf 77' lang='lat' dir='ltr'><strong>Quamobrem</strong></span> <span class='ocrx_word' id='word_1_219' title='bbox 424 1849 469 1918; x_wconf 83' lang='lat' dir='ltr'><strong>qrri</strong></span> <span class='ocrx_word' id='word_1_220' title='bbox 483 1848 626 1904; x_wconf 84' lang='lat' dir='ltr'><strong>neonedio</strong></span> <span class='ocrx_word' id='word_1_221' title='bbox 638 1848 747 1903; x_wconf 84' lang='lat' dir='ltr'><strong>inerant</strong></span> <span class='ocrx_word' id='word_1_222' title='bbox 766 1849 891 1904; x_wconf 77' lang='lat' dir='ltr'><strong>destinati</strong></span> <span class='ocrx_word' id='word_1_223' title='bbox 907 1849 1030 1905; x_wconf 72' lang='lat' dir='ltr'><strong>nudare·</strong></span> 
     </span>
     <span class='ocr_line' id='line_1_25' title="bbox 230 1941 1029 2013; baseline 0.003 -18"><span class='ocrx_word' id='word_1_224' title='bbox 230 1948 302 2007; x_wconf 83' lang='lat' dir='ltr'><strong>rrmt,</strong></span> <span class='ocrx_word' id='word_1_225' title='bbox 315 1954 369 1995; x_wconf 87' lang='lat' dir='ltr'><strong>non</strong></span> <span class='ocrx_word' id='word_1_226' title='bbox 385 1941 506 1996; x_wconf 75' lang='lat' dir='ltr'><strong>salomes</strong></span> <span class='ocrx_word' id='word_1_227' title='bbox 522 1943 666 2012; x_wconf 86' lang='lat' dir='ltr'><strong>impetrare</strong></span> <span class='ocrx_word' id='word_1_228' title='bbox 675 1956 845 2013; x_wconf 87' lang='lat' dir='ltr'><strong>responsum.</strong></span> <span class='ocrx_word' id='word_1_229' title='bbox 858 1941 927 1997; x_wconf 88' lang='lat' dir='ltr'><strong>Sero</strong></span> <span class='ocrx_word' id='word_1_230' title='bbox 939 1952 1029 1997; x_wconf 89' lang='lat' dir='ltr'><strong>tamen</strong></span> 
     </span>
     <span class='ocr_line' id='line_1_26' title="bbox 230 2032 1031 2105; baseline 0.005 -20"><span class='ocrx_word' id='word_1_231' title='bbox 230 2033 265 2084; x_wconf 86' lang='lat' dir='ltr'><strong>ad</strong></span> <span class='ocrx_word' id='word_1_232' title='bbox 291 2032 425 2102; x_wconf 80' lang='lat' dir='ltr'><strong>synodum</strong></span> <span class='ocrx_word' id='word_1_233' title='bbox 446 2032 623 2088; x_wconf 82' lang='lat' dir='ltr'><strong>Coustmtius</strong></span> <span class='ocrx_word' id='word_1_234' title='bbox 647 2049 696 2105; x_wconf 88' lang='lat' dir='ltr'><strong>per</strong></span> <span class='ocrx_word' id='word_1_235' title='bbox 718 2042 865 2102; x_wconf 79' lang='lat' dir='ltr'><strong>praesentes</strong></span> <span class='ocrx_word' id='word_1_236' title='bbox 888 2033 1031 2104; x_wconf 86' lang='lat' dir='ltr'><strong>episcopos</strong></span> 
     </span>
     <span class='ocr_line' id='line_1_27' title="bbox 231 2121 1028 2193; baseline -0.001 -17"><span class='ocrx_word' id='word_1_237' title='bbox 231 2121 383 2190; x_wconf 75' lang='lat' dir='ltr'><strong>huiusmodi</strong></span> <span class='ocrx_word' id='word_1_238' title='bbox 396 2125 498 2193; x_wconf 86' lang='lat' dir='ltr'><strong>scripta</strong></span> <span class='ocrx_word' id='word_1_239' title='bbox 514 2122 622 2179; x_wconf 84' lang='lat' dir='ltr'><strong>direxit.</strong></span> <span class='ocrx_word' id='word_1_240' title='bbox 639 2124 788 2188; x_wconf 78' lang='lat' dir='ltr'><strong>Socnsrrss.</strong></span> <span class='ocrx_word' id='word_1_241' title='bbox 805 2122 850 2178; x_wconf 87' lang='lat' dir='ltr'><strong>m.</strong></span> <span class='ocrx_word' id='word_1_242' title='bbox 864 2139 970 2193; x_wconf 86' lang='lat' dir='ltr'><strong>rr,·cop.</strong></span> <span class='ocrx_word' id='word_1_243' title='bbox 981 2122 1028 2189; x_wconf 68' lang='lat' dir='ltr'><strong>²9i</strong></span> 
     </span>
     <span class='ocr_line' id='line_1_28' title="bbox 230 2214 758 2291; baseline -0.004 -20"><span class='ocrx_word' id='word_1_244' title='bbox 230 2215 292 2271; x_wconf 72' lang='lat' dir='ltr'><strong>etit.</strong></span> <span class='ocrx_word' id='word_1_245' title='bbox 307 2215 403 2272; x_wconf 75' lang='lat' dir='ltr'><strong>Cirrist.</strong></span> <span class='ocrx_word' id='word_1_246' title='bbox 423 2216 510 2271; x_wconf 80' lang='lat' dir='ltr'><strong>Volet.</strong></span> <span class='ocrx_word' id='word_1_247' title='bbox 522 2232 581 2287; x_wconf 86' lang='lat' dir='ltr'><strong>cup.</strong></span> <span class='ocrx_word' id='word_1_248' title='bbox 594 2218 639 2283; x_wconf 76' lang='lat'><strong>57,</strong></span> <span class='ocrx_word' id='word_1_249' title='bbox 654 2236 680 2286; x_wconf 81' lang='lat' dir='ltr'><strong>p.</strong></span> <span class='ocrx_word' id='word_1_250' title='bbox 696 2214 758 2291; x_wconf 67' lang='lat' dir='ltr'><strong>teti.</strong></span> 
     </span>
    </p>
   </div>
   <div class='ocr_carea' id='block_1_12' title="bbox 229 2349 1033 4153">
    <p class='ocr_par' dir='ltr' id='par_1_13' title="bbox 240 2349 961 2513">
     <span class='ocr_line' id='line_1_29' title="bbox 240 2349 742 2427; baseline 0 -22"><span class='ocrx_word' id='word_1_251' title='bbox 240 2422 245 2427; x_wconf 28' lang='grc'>,</span> <span class='ocrx_word' id='word_1_252' title='bbox 527 2349 641 2407; x_wconf 77' lang='lat' dir='ltr'><strong>caret</strong></span> <span class='ocrx_word' id='word_1_253' title='bbox 662 2350 742 2405; x_wconf 79' lang='lat' dir='ltr'><strong>xxti.</strong></span> 
     </span>
     <span class='ocr_line' id='line_1_30' title="bbox 297 2440 961 2513; baseline 0.002 -18"><span class='ocrx_word' id='word_1_254' title='bbox 297 2440 416 2513; x_wconf 80' lang='lat' dir='ltr'><strong>Epistola</strong></span> <span class='ocrx_word' id='word_1_255' title='bbox 430 2440 576 2498; x_wconf 82' lang='lat' dir='ltr'><strong>Constantii</strong></span> <span class='ocrx_word' id='word_1_256' title='bbox 589 2445 624 2497; x_wconf 85' lang='lat' dir='ltr'><strong>ud</strong></span> <span class='ocrx_word' id='word_1_257' title='bbox 639 2446 801 2498; x_wconf 77' lang='lat' dir='ltr'><strong>Ariorioeuae</strong></span> <span class='ocrx_word' id='word_1_258' title='bbox 812 2443 961 2499; x_wconf 72' lang='lat' dir='ltr'><strong>corrodium.</strong></span> 
     </span>
    </p>

    <p class='ocr_par' dir='ltr' id='par_1_14' title="bbox 231 2533 1031 2695">
     <span class='ocr_line' id='line_1_31' title="bbox 265 2533 1031 2606; baseline 0.003 -18"><span class='ocrx_word' id='word_1_259' title='bbox 265 2533 440 2590; x_wconf 72' lang='lat' dir='ltr'><strong>constrictius</strong></span> <span class='ocrx_word' id='word_1_260' title='bbox 462 2536 593 2591; x_wconf 78' lang='lat' dir='ltr'><strong>victorae</strong></span> <span class='ocrx_word' id='word_1_261' title='bbox 616 2536 797 2606; x_wconf 74' lang='lat' dir='ltr'><strong>triumphator</strong></span> <span class='ocrx_word' id='word_1_262' title='bbox 816 2539 952 2604; x_wconf 78' lang='lat' dir='ltr'><strong>Augustus</strong></span> <span class='ocrx_word' id='word_1_263' title='bbox 972 2536 1031 2591; x_wconf 83' lang='lat' dir='ltr'><strong>uni·</strong></span> 
     </span>
     <span class='ocr_line' id='line_1_32' title="bbox 231 2625 919 2695; baseline 0.006 -18"><span class='ocrx_word' id='word_1_264' title='bbox 231 2625 315 2679; x_wconf 83' lang='lat' dir='ltr'><strong>versis</strong></span> <span class='ocrx_word' id='word_1_265' title='bbox 329 2625 463 2695; x_wconf 90' lang='lat' dir='ltr'><strong>episcopis</strong></span> <span class='ocrx_word' id='word_1_266' title='bbox 477 2625 600 2681; x_wconf 75' lang='lat' dir='ltr'><strong>Arimino</strong></span> <span class='ocrx_word' id='word_1_267' title='bbox 610 2626 780 2695; x_wconf 87' lang='lat' dir='ltr'><strong>cougregatis</strong></span> <span class='ocrx_word' id='word_1_268' title='bbox 793 2627 919 2682; x_wconf 86' lang='lat' dir='ltr'><strong>salutern.</strong></span> 
     </span>
    </p>

    <p class='ocr_par' dir='ltr' id='par_1_15' title="bbox 229 2714 1033 4153">
     <span class='ocr_line' id='line_1_33' title="bbox 265 2714 1032 2786; baseline 0.007 -17"><span class='ocrx_word' id='word_1_269' title='bbox 265 2714 377 2786; x_wconf 79' lang='lat' dir='ltr'><strong>Semper</strong></span> <span class='ocrx_word' id='word_1_270' title='bbox 388 2714 513 2785; x_wconf 88' lang='lat' dir='ltr'><strong>equidem</strong></span> <span class='ocrx_word' id='word_1_271' title='bbox 527 2724 556 2771; x_wconf 87' lang='lat' dir='ltr'><strong>ct</strong></span> <span class='ocrx_word' id='word_1_272' title='bbox 570 2731 627 2785; x_wconf 80' lang='lat' dir='ltr'><strong>prae</strong></span> <span class='ocrx_word' id='word_1_273' title='bbox 646 2716 772 2773; x_wconf 89' lang='lat' dir='ltr'><strong>omuibus</strong></span> <span class='ocrx_word' id='word_1_274' title='bbox 786 2716 906 2784; x_wconf 84' lang='lat' dir='ltr'><strong>cogitare</strong></span> <span class='ocrx_word' id='word_1_275' title='bbox 925 2732 975 2773; x_wconf 88' lang='lat' dir='ltr'><strong>nos</strong></span> <span class='ocrx_word' id='word_1_276' title='bbox 996 2717 1032 2774; x_wconf 89' lang='lat' dir='ltr'><strong>de</strong></span> 
     </span>
     <span class='ocr_line' id='line_1_34' title="bbox 229 2804 1031 2876; baseline -0.001 -14"><span class='ocrx_word' id='word_1_277' title='bbox 229 2821 307 2862; x_wconf 84' lang='lat' dir='ltr'><strong>sacra</strong></span> <span class='ocrx_word' id='word_1_278' title='bbox 318 2814 346 2860; x_wconf 91' lang='lat' dir='ltr'><strong>et</strong></span> <span class='ocrx_word' id='word_1_279' title='bbox 359 2805 496 2861; x_wconf 85' lang='lat' dir='ltr'><strong>adoranda</strong></span> <span class='ocrx_word' id='word_1_280' title='bbox 505 2804 575 2876; x_wconf 81' lang='lat' dir='ltr'><strong>lege,</strong></span> <span class='ocrx_word' id='word_1_281' title='bbox 585 2821 637 2860; x_wconf 92' lang='lat' dir='ltr'><strong>non</strong></span> <span class='ocrx_word' id='word_1_282' title='bbox 649 2805 755 2875; x_wconf 76' lang='lat' dir='ltr'><strong>ignorat</strong></span> <span class='ocrx_word' id='word_1_283' title='bbox 765 2813 855 2861; x_wconf 84' lang='lat' dir='ltr'><strong>restra</strong></span> <span class='ocrx_word' id='word_1_284' title='bbox 866 2806 1031 2876; x_wconf 81' lang='lat' dir='ltr'><strong>benignitas.</strong></span> 
     </span>
     <span class='ocr_line' id='line_1_35' title="bbox 229 2897 1033 2969; baseline 0 -14"><span class='ocrx_word' id='word_1_285' title='bbox 229 2898 306 2955; x_wconf 86' lang='lat' dir='ltr'><strong>Nune</strong></span> <span class='ocrx_word' id='word_1_286' title='bbox 320 2906 410 2954; x_wconf 89' lang='lat' dir='ltr'><strong>autem</strong></span> <span class='ocrx_word' id='word_1_287' title='bbox 425 2897 519 2967; x_wconf 85' lang='lat' dir='ltr'><strong>rigiuti</strong></span> <span class='ocrx_word' id='word_1_288' title='bbox 537 2911 607 2968; x_wconf 82' lang='lat' dir='ltr'><strong>quos</strong></span> <span class='ocrx_word' id='word_1_289' title='bbox 626 2905 715 2969; x_wconf 80' lang='lat' dir='ltr'><strong>restra</strong></span> <span class='ocrx_word' id='word_1_290' title='bbox 734 2897 867 2968; x_wconf 76' lang='lat' dir='ltr'><strong>sapientia</strong></span> <span class='ocrx_word' id='word_1_291' title='bbox 887 2898 1033 2957; x_wconf 84' lang='lat' dir='ltr'><strong>destinarit</strong></span> 
     </span>
     <span class='ocr_line' id='line_1_36' title="bbox 229 2987 1032 3060; baseline 0 -16"><span class='ocrx_word' id='word_1_292' title='bbox 229 2990 382 3060; x_wconf 83' lang='lat' dir='ltr'><strong>episcopos,</strong></span> <span class='ocrx_word' id='word_1_293' title='bbox 397 2989 540 3058; x_wconf 81' lang='lat' dir='ltr'><strong>legationis</strong></span> <span class='ocrx_word' id='word_1_294' title='bbox 557 3003 612 3043; x_wconf 82' lang='lat' dir='ltr'><strong>suae</strong></span> <span class='ocrx_word' id='word_1_295' title='bbox 633 3002 723 3054; x_wconf 87' lang='lat' dir='ltr'><strong>causa,</strong></span> <span class='ocrx_word' id='word_1_296' title='bbox 740 2987 848 3042; x_wconf 89' lang='lat' dir='ltr'><strong>interim</strong></span> <span class='ocrx_word' id='word_1_297' title='bbox 872 2987 964 3044; x_wconf 82' lang='lat' dir='ltr'><strong>ridere</strong></span> <span class='ocrx_word' id='word_1_298' title='bbox 984 3005 1032 3044; x_wconf 88' lang='lat' dir='ltr'><strong>rre-</strong></span> 
     </span>
     <span class='ocr_line' id='line_1_37' title="bbox 229 3080 1030 3150; baseline 0.001 -14"><span class='ocrx_word' id='word_1_299' title='bbox 229 3081 373 3150; x_wconf 77' lang='lat' dir='ltr'><strong>quirimrts</strong></span> <span class='ocrx_word' id='word_1_300' title='bbox 388 3096 450 3136; x_wconf 85' lang='lat' dir='ltr'><strong>eum</strong></span> <span class='ocrx_word' id='word_1_301' title='bbox 461 3082 584 3137; x_wconf 88' lang='lat' dir='ltr'><strong>situobis</strong></span> <span class='ocrx_word' id='word_1_302' title='bbox 598 3080 782 3136; x_wconf 69' lang='lat' dir='ltr'><strong>arscessarium</strong></span> <span class='ocrx_word' id='word_1_303' title='bbox 805 3081 878 3135; x_wconf 90' lang='lat' dir='ltr'><strong>circa</strong></span> <span class='ocrx_word' id='word_1_304' title='bbox 899 3080 1030 3137; x_wconf 86' lang='lat' dir='ltr'><strong>barbaros</strong></span> 
     </span>
     <span class='ocr_line' id='line_1_38' title="bbox 229 3170 1029 3243; baseline 0 -17"><span class='ocrx_word' id='word_1_305' title='bbox 229 3172 293 3243; x_wconf 85' lang='lat' dir='ltr'><strong>iter,</strong></span> <span class='ocrx_word' id='word_1_306' title='bbox 304 3179 342 3238; x_wconf 85' lang='lat' dir='ltr'><strong>et,</strong></span> <span class='ocrx_word' id='word_1_307' title='bbox 364 3170 538 3236; x_wconf 72' lang='lat' dir='ltr'><strong>dealbastis,</strong></span> <span class='ocrx_word' id='word_1_308' title='bbox 551 3171 648 3227; x_wconf 84' lang='lat' dir='ltr'><strong>deccat</strong></span> <span class='ocrx_word' id='word_1_309' title='bbox 661 3172 752 3225; x_wconf 90' lang='lat' dir='ltr'><strong>animo</strong></span> <span class='ocrx_word' id='word_1_310' title='bbox 766 3185 835 3240; x_wconf 94' lang='lat' dir='ltr'><strong>puro</strong></span> <span class='ocrx_word' id='word_1_311' title='bbox 847 3170 881 3226; x_wconf 92' lang='lat' dir='ltr'><strong>ab</strong></span> <span class='ocrx_word' id='word_1_312' title='bbox 896 3171 969 3226; x_wconf 90' lang='lat' dir='ltr'><strong>omni</strong></span> <span class='ocrx_word' id='word_1_313' title='bbox 980 3186 1029 3227; x_wconf 90' lang='lat' dir='ltr'><strong>cn-</strong></span> 
     </span>
     <span class='ocr_line' id='line_1_39' title="bbox 229 3261 1031 3333; baseline 0.004 -18"><span class='ocrx_word' id='word_1_314' title='bbox 229 3261 359 3333; x_wconf 88' lang='lat' dir='ltr'><strong>gitatioac</strong></span> <span class='ocrx_word' id='word_1_315' title='bbox 371 3262 513 3317; x_wconf 88' lang='lat' dir='ltr'><strong>utilitatem</strong></span> <span class='ocrx_word' id='word_1_316' title='bbox 528 3261 625 3317; x_wconf 78' lang='lat' dir='ltr'><strong>divinae</strong></span> <span class='ocrx_word' id='word_1_317' title='bbox 640 3261 705 3331; x_wconf 89' lang='lat' dir='ltr'><strong>legis</strong></span> <span class='ocrx_word' id='word_1_318' title='bbox 715 3262 883 3318; x_wconf 83' lang='lat' dir='ltr'><strong>examinare.</strong></span> <span class='ocrx_word' id='word_1_319' title='bbox 897 3261 1031 3319; x_wconf 78' lang='lat' dir='ltr'><strong>iussimus</strong></span> 
     </span>
     <span class='ocr_line' id='line_1_40' title="bbox 230 3350 1031 3423; baseline 0.002 -16"><span class='ocrx_word' id='word_1_320' title='bbox 230 3353 312 3421; x_wconf 84' lang='lat' dir='ltr'><strong>igitrrr</strong></span> <span class='ocrx_word' id='word_1_321' title='bbox 331 3352 474 3423; x_wconf 91' lang='lat' dir='ltr'><strong>episcopos</strong></span> <span class='ocrx_word' id='word_1_322' title='bbox 497 3351 524 3407; x_wconf 86' lang='lat' dir='ltr'><strong>in</strong></span> <span class='ocrx_word' id='word_1_323' title='bbox 549 3350 724 3423; x_wconf 72' lang='lat' dir='ltr'><strong>adrianopoli</strong></span> <span class='ocrx_word' id='word_1_324' title='bbox 749 3363 870 3422; x_wconf 78' lang='lat' dir='ltr'><strong>nostram</strong></span> <span class='ocrx_word' id='word_1_325' title='bbox 894 3354 1031 3409; x_wconf 84' lang='lat' dir='ltr'><strong>sustinere</strong></span> 
     </span>
     <span class='ocr_line' id='line_1_41' title="bbox 230 3441 1031 3513; baseline 0.001 -15"><span class='ocrx_word' id='word_1_326' title='bbox 230 3443 444 3513; x_wconf 64' lang='lat' dir='ltr'><strong>regressionem</strong></span> <span class='ocrx_word' id='word_1_327' title='bbox 456 3450 485 3497; x_wconf 88' lang='lat' dir='ltr'><strong>ut</strong></span> <span class='ocrx_word' id='word_1_328' title='bbox 498 3457 559 3498; x_wconf 87' lang='lat' dir='ltr'><strong>cunr</strong></span> <span class='ocrx_word' id='word_1_329' title='bbox 569 3441 693 3497; x_wconf 79' lang='lat' dir='ltr'><strong>universa</strong></span> <span class='ocrx_word' id='word_1_330' title='bbox 705 3442 856 3511; x_wconf 79' lang='lat' dir='ltr'><strong>respublica</strong></span> <span class='ocrx_word' id='word_1_331' title='bbox 868 3441 949 3498; x_wconf 82' lang='lat' dir='ltr'><strong>luerit</strong></span> <span class='ocrx_word' id='word_1_332' title='bbox 961 3443 1031 3499; x_wconf 88' lang='lat' dir='ltr'><strong>bene</strong></span> 
     </span>
     <span class='ocr_line' id='line_1_42' title="bbox 230 3532 1032 3605; baseline -0.002 -16"><span class='ocrx_word' id='word_1_333' title='bbox 230 3534 368 3604; x_wconf 82' lang='lat' dir='ltr'><strong>disposita,</strong></span> <span class='ocrx_word' id='word_1_334' title='bbox 381 3541 444 3590; x_wconf 90' lang='lat' dir='ltr'><strong>tune</strong></span> <span class='ocrx_word' id='word_1_335' title='bbox 454 3548 514 3605; x_wconf 82' lang='lat' dir='ltr'><strong>que</strong></span> <span class='ocrx_word' id='word_1_336' title='bbox 523 3534 656 3603; x_wconf 74' lang='lat' dir='ltr'><strong>gesserint</strong></span> <span class='ocrx_word' id='word_1_337' title='bbox 665 3533 759 3589; x_wconf 90' lang='lat' dir='ltr'><strong>audire</strong></span> <span class='ocrx_word' id='word_1_338' title='bbox 770 3534 912 3602; x_wconf 81' lang='lat' dir='ltr'><strong>passirutts.</strong></span> <span class='ocrx_word' id='word_1_339' title='bbox 928 3532 1032 3588; x_wconf 74' lang='lat' dir='ltr'><strong>Vestae</strong></span> 
     </span>
     <span class='ocr_line' id='line_1_43' title="bbox 230 3627 1030 3696; baseline -0.003 -15"><span class='ocrx_word' id='word_1_340' title='bbox 230 3641 295 3696; x_wconf 85' lang='lat' dir='ltr'><strong>ergo</strong></span> <span class='ocrx_word' id='word_1_341' title='bbox 306 3627 443 3682; x_wconf 88' lang='lat' dir='ltr'><strong>sanctitati</strong></span> <span class='ocrx_word' id='word_1_342' title='bbox 454 3643 508 3683; x_wconf 90' lang='lat' dir='ltr'><strong>uon</strong></span> <span class='ocrx_word' id='word_1_343' title='bbox 523 3627 647 3683; x_wconf 85' lang='lat' dir='ltr'><strong>rideatur</strong></span> <span class='ocrx_word' id='word_1_344' title='bbox 660 3640 805 3682; x_wconf 85' lang='lat' dir='ltr'><strong>onerosum</strong></span> <span class='ocrx_word' id='word_1_345' title='bbox 820 3641 914 3681; x_wconf 79' lang='lat' dir='ltr'><strong>eorem</strong></span> <span class='ocrx_word' id='word_1_346' title='bbox 931 3639 1030 3695; x_wconf 80' lang='lat' dir='ltr'><strong>exspe-</strong></span> 
     </span>
     <span class='ocr_line' id='line_1_44' title="bbox 232 3714 1032 3786; baseline 0.001 -15"><span class='ocrx_word' id='word_1_347' title='bbox 232 3725 308 3772; x_wconf 89' lang='lat' dir='ltr'><strong>ctare</strong></span> <span class='ocrx_word' id='word_1_348' title='bbox 322 3731 490 3786; x_wconf 87' lang='lat' dir='ltr'><strong>regressurn;</strong></span> <span class='ocrx_word' id='word_1_349' title='bbox 506 3725 536 3772; x_wconf 90' lang='lat' dir='ltr'><strong>ut</strong></span> <span class='ocrx_word' id='word_1_350' title='bbox 549 3716 613 3771; x_wconf 93' lang='lat' dir='ltr'><strong>duur</strong></span> <span class='ocrx_word' id='word_1_351' title='bbox 627 3714 743 3773; x_wconf 85' lang='lat' dir='ltr'><strong>redeunt</strong></span> <span class='ocrx_word' id='word_1_352' title='bbox 757 3725 879 3772; x_wconf 89' lang='lat' dir='ltr'><strong>nostrum</strong></span> <span class='ocrx_word' id='word_1_353' title='bbox 894 3715 971 3771; x_wconf 87' lang='lat' dir='ltr'><strong>robis</strong></span> <span class='ocrx_word' id='word_1_354' title='bbox 986 3731 1032 3772; x_wconf 85' lang='lat' dir='ltr'><strong>re·</strong></span> 
     </span>
     <span class='ocr_line' id='line_1_45' title="bbox 231 3805 1031 3879; baseline -0.004 -16"><span class='ocrx_word' id='word_1_355' title='bbox 231 3810 350 3866; x_wconf 85' lang='lat' dir='ltr'><strong>terentes</strong></span> <span class='ocrx_word' id='word_1_356' title='bbox 365 3824 535 3879; x_wconf 78' lang='lat' dir='ltr'><strong>responsum,</strong></span> <span class='ocrx_word' id='word_1_357' title='bbox 545 3807 696 3878; x_wconf 87' lang='lat' dir='ltr'><strong>perducere</strong></span> <span class='ocrx_word' id='word_1_358' title='bbox 711 3805 819 3878; x_wconf 84' lang='lat' dir='ltr'><strong>possitis</strong></span> <span class='ocrx_word' id='word_1_359' title='bbox 836 3805 870 3861; x_wconf 87' lang='lat' dir='ltr'><strong>ad</strong></span> <span class='ocrx_word' id='word_1_360' title='bbox 886 3805 1031 3861; x_wconf 87' lang='lat' dir='ltr'><strong>terminum</strong></span> 
     </span>
     <span class='ocr_line' id='line_1_46' title="bbox 231 3894 1032 3974; baseline -0.01 -14"><span class='ocrx_word' id='word_1_361' title='bbox 231 3920 291 3974; x_wconf 80' lang='lat' dir='ltr'><strong>qun</strong></span> <span class='ocrx_word' id='word_1_362' title='bbox 312 3903 439 3959; x_wconf 75' lang='lat' dir='ltr'><strong>Ecclesia</strong></span> <span class='ocrx_word' id='word_1_363' title='bbox 454 3901 597 3957; x_wconf 78' lang='lat' dir='ltr'><strong>catholice</strong></span> <span class='ocrx_word' id='word_1_364' title='bbox 612 3899 688 3955; x_wconf 89' lang='lat' dir='ltr'><strong>utilia</strong></span> <span class='ocrx_word' id='word_1_365' title='bbox 712 3913 772 3955; x_wconf 84' lang='lat' dir='ltr'><strong>esse</strong></span> <span class='ocrx_word' id='word_1_366' title='bbox 796 3906 952 3971; x_wconf 82' lang='lat' dir='ltr'><strong>noscuntur.</strong></span> <span class='ocrx_word' id='word_1_367' title='bbox 976 3894 1032 3952; x_wconf 89' lang='lat' dir='ltr'><strong>llas</strong></span> 
     </span>
     <span class='ocr_line' id='line_1_47' title="bbox 231 3988 1030 4063; baseline -0.005 -13"><span class='ocrx_word' id='word_1_368' title='bbox 231 3996 335 4050; x_wconf 85' lang='lat' dir='ltr'><strong>litteras</strong></span> <span class='ocrx_word' id='word_1_369' title='bbox 348 3993 525 4063; x_wconf 86' lang='lat' dir='ltr'><strong>suscipientes</strong></span> <span class='ocrx_word' id='word_1_370' title='bbox 537 3991 668 4061; x_wconf 78' lang='lat' dir='ltr'><strong>episcopi,</strong></span> <span class='ocrx_word' id='word_1_371' title='bbox 685 3990 747 4044; x_wconf 91' lang='lat' dir='ltr'><strong>talia</strong></span> <span class='ocrx_word' id='word_1_372' title='bbox 759 3989 966 4060; x_wconf 85' lang='lat' dir='ltr'><strong>rescripserunt.</strong></span> <span class='ocrx_word' id='word_1_373' title='bbox 978 3988 1030 4046; x_wconf 90' lang='lat' dir='ltr'><strong>So·</strong></span> 
     </span>
     <span class='ocr_line' id='line_1_48' title="bbox 231 4080 1029 4153; baseline -0.009 -10"><span class='ocrx_word' id='word_1_374' title='bbox 231 4102 344 4149; x_wconf 79' lang='lat' dir='ltr'><strong>curres,</strong></span> <span class='ocrx_word' id='word_1_375' title='bbox 369 4083 413 4138; x_wconf 85' lang='grc' dir='ltr'>ιιι.</span> <span class='ocrx_word' id='word_1_376' title='bbox 434 4099 463 4150; x_wconf 91' lang='grc' dir='ltr'><strong>ιι,</strong></span> <span class='ocrx_word' id='word_1_377' title='bbox 485 4099 542 4151; x_wconf 83' lang='lat' dir='ltr'><strong>cap.</strong></span> <span class='ocrx_word' id='word_1_378' title='bbox 566 4081 617 4149; x_wconf 67' lang='lat' dir='ltr'><strong>am</strong></span> <span class='ocrx_word' id='word_1_379' title='bbox 642 4082 705 4136; x_wconf 82' lang='lat' dir='ltr'><strong>eelit.</strong></span> <span class='ocrx_word' id='word_1_380' title='bbox 730 4081 827 4136; x_wconf 82' lang='lat' dir='ltr'><strong>Cirrist.</strong></span> <span class='ocrx_word' id='word_1_381' title='bbox 856 4080 944 4136; x_wconf 80' lang='lat' dir='ltr'><strong>i&#39;ulca.</strong></span> <span class='ocrx_word' id='word_1_382' title='bbox 969 4098 1029 4153; x_wconf 85' lang='lat' dir='ltr'><strong>cop.</strong></span> 
     </span>
    </p>
   </div>
   <div class='ocr_carea' id='block_1_13' title="bbox 1080 1784 1870 2771">
    <p class='ocr_par' dir='ltr' id='par_1_16' title="bbox 1080 1784 1870 2771">
     <span class='ocr_line' id='line_1_49' title="bbox 1136 1784 1865 1858; baseline 0.003 -18"><span class='ocrx_word' id='word_1_383' title='bbox 1136 1784 1259 1843; x_wconf 85' lang='lat' dir='ltr'><strong>civitates</strong></span> <span class='ocrx_word' id='word_1_384' title='bbox 1279 1786 1401 1856; x_wconf 89' lang='lat' dir='ltr'><strong>proprias</strong></span> <span class='ocrx_word' id='word_1_385' title='bbox 1423 1795 1604 1841; x_wconf 88' lang='lat' dir='ltr'><strong>recesserunt.</strong></span> <span class='ocrx_word' id='word_1_386' title='bbox 1625 1784 1755 1858; x_wconf 89' lang='lat' dir='ltr'><strong>Princeps</strong></span> <span class='ocrx_word' id='word_1_387' title='bbox 1774 1797 1865 1854; x_wconf 78' lang='lat' dir='ltr'><strong>autem,</strong></span> 
     </span>
     <span class='ocr_line' id='line_1_50' title="bbox 1081 1876 1866 1950; baseline 0.001 -17"><span class='ocrx_word' id='word_1_388' title='bbox 1081 1892 1143 1934; x_wconf 87' lang='lat' dir='ltr'><strong>curn</strong></span> <span class='ocrx_word' id='word_1_389' title='bbox 1157 1886 1185 1932; x_wconf 90' lang='lat' dir='ltr'><strong>et</strong></span> <span class='ocrx_word' id='word_1_390' title='bbox 1199 1876 1274 1947; x_wconf 92' lang='lat' dir='ltr'><strong>prins</strong></span> <span class='ocrx_word' id='word_1_391' title='bbox 1294 1876 1473 1933; x_wconf 86' lang='lat' dir='ltr'><strong>contenderet</strong></span> <span class='ocrx_word' id='word_1_392' title='bbox 1487 1878 1614 1933; x_wconf 78' lang='lat' dir='ltr'><strong>brianum</strong></span> <span class='ocrx_word' id='word_1_393' title='bbox 1632 1888 1736 1935; x_wconf 86' lang='lat' dir='ltr'><strong>sectam</strong></span> <span class='ocrx_word' id='word_1_394' title='bbox 1757 1894 1803 1950; x_wconf 90' lang='lat' dir='ltr'><strong>per</strong></span> <span class='ocrx_word' id='word_1_395' title='bbox 1821 1877 1866 1934; x_wconf 84' lang='lat' dir='ltr'><strong>Ec·</strong></span> 
     </span>
     <span class='ocr_line' id='line_1_51' title="bbox 1081 1967 1866 2039; baseline 0 -18"><span class='ocrx_word' id='word_1_396' title='bbox 1081 1968 1179 2023; x_wconf 89' lang='lat' dir='ltr'><strong>clesias</strong></span> <span class='ocrx_word' id='word_1_397' title='bbox 1200 1968 1345 2033; x_wconf 86' lang='lat' dir='ltr'><strong>seminare,</strong></span> <span class='ocrx_word' id='word_1_398' title='bbox 1371 1967 1541 2023; x_wconf 85' lang='lat' dir='ltr'><strong>occasionem</strong></span> <span class='ocrx_word' id='word_1_399' title='bbox 1565 1968 1670 2039; x_wconf 71' lang='lat' dir='ltr'><strong>injuriae</strong></span> <span class='ocrx_word' id='word_1_400' title='bbox 1694 1984 1748 2025; x_wconf 81' lang='lat' dir='ltr'><strong>sue</strong></span> <span class='ocrx_word' id='word_1_401' title='bbox 1770 1969 1866 2023; x_wconf 89' lang='lat' dir='ltr'><strong>illormu</strong></span> 
     </span>
     <span class='ocr_line' id='line_1_52' title="bbox 1081 2058 1866 2133; baseline -0.005 -17"><span class='ocrx_word' id='word_1_402' title='bbox 1081 2062 1175 2117; x_wconf 91' lang='lat' dir='ltr'><strong>babuit</strong></span> <span class='ocrx_word' id='word_1_403' title='bbox 1187 2061 1395 2117; x_wconf 86' lang='lat' dir='ltr'><strong>discessionem:</strong></span> <span class='ocrx_word' id='word_1_404' title='bbox 1412 2060 1504 2116; x_wconf 88' lang='lat' dir='ltr'><strong>dicens</strong></span> <span class='ocrx_word' id='word_1_405' title='bbox 1515 2076 1545 2116; x_wconf 88' lang='lat' dir='ltr'><strong>se</strong></span> <span class='ocrx_word' id='word_1_406' title='bbox 1554 2068 1748 2133; x_wconf 83' lang='lat' dir='ltr'><strong>contemptum,</strong></span> <span class='ocrx_word' id='word_1_407' title='bbox 1758 2077 1789 2116; x_wconf 86' lang='lat' dir='ltr'><strong>eo</strong></span> <span class='ocrx_word' id='word_1_408' title='bbox 1799 2058 1866 2129; x_wconf 82' lang='lat' dir='ltr'><strong>quod</strong></span> 
     </span>
     <span class='ocr_line' id='line_1_53' title="bbox 1080 2151 1863 2223; baseline -0.003 -14"><span class='ocrx_word' id='word_1_409' title='bbox 1080 2160 1178 2223; x_wconf 82' lang='lat' dir='ltr'><strong>preter</strong></span> <span class='ocrx_word' id='word_1_410' title='bbox 1186 2152 1335 2223; x_wconf 78' lang='lat' dir='ltr'><strong>jussionem</strong></span> <span class='ocrx_word' id='word_1_411' title='bbox 1351 2151 1410 2222; x_wconf 84' lang='lat' dir='ltr'><strong>ejus</strong></span> <span class='ocrx_word' id='word_1_412' title='bbox 1424 2152 1570 2208; x_wconf 89' lang='lat' dir='ltr'><strong>concilium</strong></span> <span class='ocrx_word' id='word_1_413' title='bbox 1584 2153 1723 2210; x_wconf 84' lang='lat' dir='ltr'><strong>rideretur</strong></span> <span class='ocrx_word' id='word_1_414' title='bbox 1734 2170 1790 2210; x_wconf 86' lang='lat' dir='ltr'><strong>esse</strong></span> <span class='ocrx_word' id='word_1_415' title='bbox 1802 2152 1863 2209; x_wconf 82' lang='lat' dir='ltr'><strong>solu</strong></span> 
     </span>
     <span class='ocr_line' id='line_1_54' title="bbox 1082 2239 1868 2313; baseline 0.004 -19"><span class='ocrx_word' id='word_1_416' title='bbox 1082 2249 1147 2296; x_wconf 90' lang='lat' dir='ltr'><strong>tum.</strong></span> <span class='ocrx_word' id='word_1_417' title='bbox 1161 2239 1331 2311; x_wconf 82' lang='lat' dir='ltr'><strong>Quapropter</strong></span> <span class='ocrx_word' id='word_1_418' title='bbox 1346 2239 1457 2297; x_wconf 89' lang='lat' dir='ltr'><strong>Ursacio</strong></span> <span class='ocrx_word' id='word_1_419' title='bbox 1472 2251 1500 2298; x_wconf 88' lang='lat' dir='ltr'><strong>et</strong></span> <span class='ocrx_word' id='word_1_420' title='bbox 1515 2242 1556 2298; x_wconf 89' lang='lat' dir='ltr'><strong>iris</strong></span> <span class='ocrx_word' id='word_1_421' title='bbox 1570 2244 1616 2313; x_wconf 81' lang='lat' dir='ltr'><strong>poi</strong></span> <span class='ocrx_word' id='word_1_422' title='bbox 1630 2244 1702 2300; x_wconf 89' lang='lat' dir='ltr'><strong>eirca</strong></span> <span class='ocrx_word' id='word_1_423' title='bbox 1718 2259 1777 2300; x_wconf 93' lang='lat' dir='ltr'><strong>eunr</strong></span> <span class='ocrx_word' id='word_1_424' title='bbox 1799 2249 1868 2297; x_wconf 88' lang='lat' dir='ltr'><strong>eraut</strong></span> 
     </span>
     <span class='ocr_line' id='line_1_55' title="bbox 1080 2332 1867 2406; baseline -0.004 -19"><span class='ocrx_word' id='word_1_425' title='bbox 1080 2332 1286 2403; x_wconf 82' lang='lat' dir='ltr'><strong>permissionem</strong></span> <span class='ocrx_word' id='word_1_426' title='bbox 1299 2333 1374 2405; x_wconf 80' lang='lat' dir='ltr'><strong>dedit</strong></span> <span class='ocrx_word' id='word_1_427' title='bbox 1391 2341 1486 2389; x_wconf 91' lang='lat' dir='ltr'><strong>eontra</strong></span> <span class='ocrx_word' id='word_1_428' title='bbox 1501 2332 1636 2391; x_wconf 84' lang='lat' dir='ltr'><strong>Ecclesias</strong></span> <span class='ocrx_word' id='word_1_429' title='bbox 1653 2335 1751 2406; x_wconf 87' lang='lat' dir='ltr'><strong>agendi</strong></span> <span class='ocrx_word' id='word_1_430' title='bbox 1766 2332 1867 2389; x_wconf 87' lang='lat' dir='ltr'><strong>liducia·</strong></span> 
     </span>
     <span class='ocr_line' id='line_1_56' title="bbox 1081 2422 1868 2498; baseline -0.001 -21"><span class='ocrx_word' id='word_1_431' title='bbox 1081 2422 1143 2478; x_wconf 91' lang='lat' dir='ltr'><strong>liter</strong></span> <span class='ocrx_word' id='word_1_432' title='bbox 1169 2424 1350 2493; x_wconf 84' lang='lat' dir='ltr'><strong>quodcunque</strong></span> <span class='ocrx_word' id='word_1_433' title='bbox 1377 2423 1534 2494; x_wconf 87' lang='lat' dir='ltr'><strong>placuisset.</strong></span> <span class='ocrx_word' id='word_1_434' title='bbox 1560 2425 1781 2498; x_wconf 82' lang='lat' dir='ltr'><strong>Explanationcm</strong></span> <span class='ocrx_word' id='word_1_435' title='bbox 1809 2439 1868 2479; x_wconf 85' lang='lat' dir='ltr'><strong>roro</strong></span> 
     </span>
     <span class='ocr_line' id='line_1_57' title="bbox 1082 2516 1869 2588; baseline -0.005 -16"><span class='ocrx_word' id='word_1_436' title='bbox 1082 2516 1205 2572; x_wconf 73' lang='lat' dir='ltr'><strong>lectatio</strong></span> <span class='ocrx_word' id='word_1_437' title='bbox 1226 2516 1346 2573; x_wconf 76' lang='lat' dir='ltr'><strong>Arimino</strong></span> <span class='ocrx_word' id='word_1_438' title='bbox 1368 2516 1428 2572; x_wconf 84' lang='lat' dir='ltr'><strong>lidei</strong></span> <span class='ocrx_word' id='word_1_439' title='bbox 1447 2517 1529 2587; x_wconf 79' lang='lat' dir='ltr'><strong>jussit</strong></span> <span class='ocrx_word' id='word_1_440' title='bbox 1552 2534 1600 2588; x_wconf 86' lang='lat' dir='ltr'><strong>per</strong></span> <span class='ocrx_word' id='word_1_441' title='bbox 1621 2517 1757 2575; x_wconf 79' lang='lat' dir='ltr'><strong>Ecclesiae</strong></span> <span class='ocrx_word' id='word_1_442' title='bbox 1775 2516 1869 2571; x_wconf 90' lang='lat' dir='ltr'><strong>italicas</strong></span> 
     </span>
     <span class='ocr_line' id='line_1_58' title="bbox 1081 2604 1870 2677; baseline 0 -19"><span class='ocrx_word' id='word_1_443' title='bbox 1081 2604 1212 2659; x_wconf 89' lang='lat' dir='ltr'><strong>destinari</strong></span> <span class='ocrx_word' id='word_1_444' title='bbox 1229 2623 1235 2657; x_wconf 88' lang='lat'><strong>:</strong></span> <span class='ocrx_word' id='word_1_445' title='bbox 1250 2605 1411 2677; x_wconf 75' lang='lat' dir='ltr'><strong>praecipiens</strong></span> <span class='ocrx_word' id='word_1_446' title='bbox 1426 2614 1455 2660; x_wconf 85' lang='grc' dir='ltr'><strong>ιιι</strong></span> <span class='ocrx_word' id='word_1_447' title='bbox 1479 2606 1602 2663; x_wconf 88' lang='lat' dir='ltr'><strong>nolentes</strong></span> <span class='ocrx_word' id='word_1_448' title='bbox 1616 2606 1643 2662; x_wconf 91' lang='lat' dir='ltr'><strong>in</strong></span> <span class='ocrx_word' id='word_1_449' title='bbox 1664 2623 1699 2663; x_wconf 89' lang='lat' dir='ltr'><strong>ea</strong></span> <span class='ocrx_word' id='word_1_450' title='bbox 1713 2604 1870 2662; x_wconf 83' lang='lat' dir='ltr'><strong>subscribere</strong></span> 
     </span>
     <span class='ocr_line' id='line_1_59' title="bbox 1081 2690 1869 2771; baseline -0.004 -23"><span class='ocrx_word' id='word_1_451' title='bbox 1081 2693 1248 2771; x_wconf 85' lang='lat' dir='ltr'><strong>pellerentur</strong></span> <span class='ocrx_word' id='word_1_452' title='bbox 1259 2690 1398 2763; x_wconf 85' lang='lat' dir='ltr'><strong>Ecclesiis,</strong></span> <span class='ocrx_word' id='word_1_453' title='bbox 1413 2703 1440 2751; x_wconf 90' lang='lat' dir='ltr'><strong>et</strong></span> <span class='ocrx_word' id='word_1_454' title='bbox 1452 2695 1478 2750; x_wconf 91' lang='lat' dir='ltr'><strong>in</strong></span> <span class='ocrx_word' id='word_1_455' title='bbox 1493 2711 1586 2752; x_wconf 89' lang='lat' dir='ltr'><strong>eorum</strong></span> <span class='ocrx_word' id='word_1_456' title='bbox 1600 2696 1668 2752; x_wconf 91' lang='lat' dir='ltr'><strong>locis</strong></span> <span class='ocrx_word' id='word_1_457' title='bbox 1689 2697 1732 2752; x_wconf 87' lang='lat' dir='ltr'><strong>alii</strong></span> <span class='ocrx_word' id='word_1_458' title='bbox 1751 2694 1869 2762; x_wconf 87' lang='lat' dir='ltr'><strong>subroga-</strong></span> 
     </span>
    </p>
   </div>
   <div class='ocr_carea' id='block_1_14' title="bbox 1080 2783 1868 2946">
    <p class='ocr_par' dir='ltr' id='par_1_17' title="bbox 1080 2783 1868 2946">
     <span class='ocr_line' id='line_1_60' title="bbox 1080 2783 1868 2859; baseline -0.005 -19"><span class='ocrx_word' id='word_1_459' title='bbox 1080 2794 1175 2840; x_wconf 90' lang='lat' dir='ltr'><strong>rentur</strong></span> <span class='ocrx_word' id='word_1_460' title='bbox 1184 2785 1315 2855; x_wconf 88' lang='lat' dir='ltr'><strong>episcopi.</strong></span> <span class='ocrx_word' id='word_1_461' title='bbox 1325 2785 1474 2853; x_wconf 84' lang='lat' dir='ltr'><strong>Sccmrss,</strong></span> <span class='ocrx_word' id='word_1_462' title='bbox 1484 2788 1528 2841; x_wconf 88' lang='grc' dir='ltr'>ιιι.</span> <span class='ocrx_word' id='word_1_463' title='bbox 1540 2802 1569 2854; x_wconf 90' lang='grc' dir='ltr'><strong>ιι,</strong></span> <span class='ocrx_word' id='word_1_464' title='bbox 1582 2786 1699 2859; x_wconf 71' lang='lat' dir='ltr'><strong>cap.29;</strong></span> <span class='ocrx_word' id='word_1_465' title='bbox 1713 2788 1772 2843; x_wconf 81' lang='lat' dir='ltr'><strong>adit.</strong></span> <span class='ocrx_word' id='word_1_466' title='bbox 1781 2783 1868 2841; x_wconf 71' lang='lat' dir='ltr'><strong>dirim</strong></span> 
     </span>
     <span class='ocr_line' id='line_1_61' title="bbox 1086 2870 1429 2946; baseline 0.012 -19"><span class='ocrx_word' id='word_1_467' title='bbox 1086 2870 1175 2929; x_wconf 74' lang='lat' dir='ltr'><strong>Voles.</strong></span> <span class='ocrx_word' id='word_1_468' title='bbox 1193 2891 1250 2946; x_wconf 83' lang='lat' dir='ltr'><strong>cup.</strong></span> <span class='ocrx_word' id='word_1_469' title='bbox 1267 2870 1312 2941; x_wconf 76' lang='lat'><strong>57,</strong></span> <span class='ocrx_word' id='word_1_470' title='bbox 1327 2892 1352 2946; x_wconf 80' lang='lat' dir='ltr'><strong>p.</strong></span> <span class='ocrx_word' id='word_1_471' title='bbox 1366 2874 1429 2931; x_wconf 85' lang='grc'><strong>1111.</strong></span> 
     </span>
    </p>
   </div>
   <div class='ocr_carea' id='block_1_15' title="bbox 1365 3007 1582 3066">
    <p class='ocr_par' dir='ltr' id='par_1_18' title="bbox 1365 3007 1582 3066">
     <span class='ocr_line' id='line_1_62' title="bbox 1365 3007 1582 3066; baseline 0 -2"><span class='ocrx_word' id='word_1_472' title='bbox 1365 3007 1484 3064; x_wconf 69' lang='lat' dir='ltr'>CAPUT</span> <span class='ocrx_word' id='word_1_473' title='bbox 1503 3009 1582 3066; x_wconf 85' lang='lat' dir='ltr'><strong>ttttv.</strong></span> 
     </span>
    </p>
   </div>
   <div class='ocr_carea' id='block_1_16' title="bbox 1081 3101 1873 4181">
    <p class='ocr_par' dir='ltr' id='par_1_19' title="bbox 1182 3101 1792 3175">
     <span class='ocr_line' id='line_1_63' title="bbox 1182 3101 1792 3175; baseline 0.003 -17"><span class='ocrx_word' id='word_1_474' title='bbox 1182 3101 1223 3158; x_wconf 81' lang='lat' dir='ltr'><strong>lie</strong></span> <span class='ocrx_word' id='word_1_475' title='bbox 1235 3103 1335 3175; x_wconf 79' lang='lat' dir='ltr'><strong>agrando</strong></span> <span class='ocrx_word' id='word_1_476' title='bbox 1347 3104 1374 3158; x_wconf 88' lang='lat' dir='ltr'><strong>in</strong></span> <span class='ocrx_word' id='word_1_477' title='bbox 1390 3101 1484 3160; x_wconf 76' lang='lat' dir='ltr'><strong>Nicaea</strong></span> <span class='ocrx_word' id='word_1_478' title='bbox 1499 3102 1618 3161; x_wconf 68' lang='lat' dir='ltr'><strong>structe</strong></span> <span class='ocrx_word' id='word_1_479' title='bbox 1632 3107 1773 3162; x_wconf 76' lang='lat' dir='ltr'><strong>aetetrmn</strong></span> <span class='ocrx_word' id='word_1_480' title='bbox 1788 3104 1792 3113; x_wconf 84' lang='lat'><strong><em>&#39;</em></strong></span> 
     </span>
    </p>

    <p class='ocr_par' dir='ltr' id='par_1_20' title="bbox 1081 3193 1873 4181">
     <span class='ocr_line' id='line_1_64' title="bbox 1117 3193 1871 3266; baseline 0 -15"><span class='ocrx_word' id='word_1_481' title='bbox 1117 3193 1244 3251; x_wconf 79' lang='lat' dir='ltr'><strong>limacius</strong></span> <span class='ocrx_word' id='word_1_482' title='bbox 1254 3203 1344 3252; x_wconf 85' lang='lat' dir='ltr'><strong>autaut</strong></span> <span class='ocrx_word' id='word_1_483' title='bbox 1354 3198 1467 3266; x_wconf 79' lang='lat' dir='ltr'><strong>eiusque</strong></span> <span class='ocrx_word' id='word_1_484' title='bbox 1476 3198 1653 3253; x_wconf 78' lang='lat' dir='ltr'><strong>mosentauei</strong></span> <span class='ocrx_word' id='word_1_485' title='bbox 1664 3200 1699 3254; x_wconf 90' lang='lat' dir='ltr'><strong>ab</strong></span> <span class='ocrx_word' id='word_1_486' title='bbox 1709 3198 1781 3252; x_wconf 86' lang='lat' dir='ltr'><strong>ltalia</strong></span> <span class='ocrx_word' id='word_1_487' title='bbox 1790 3196 1871 3252; x_wconf 82' lang='lat' dir='ltr'><strong>disee·</strong></span> 
     </span>
     <span class='ocr_line' id='line_1_65' title="bbox 1081 3287 1872 3352; baseline -0.001 -9"><span class='ocrx_word' id='word_1_488' title='bbox 1081 3288 1186 3352; x_wconf 84' lang='lat' dir='ltr'><strong>dentes,</strong></span> <span class='ocrx_word' id='word_1_489' title='bbox 1202 3298 1336 3343; x_wconf 83' lang='lat' dir='ltr'><strong>venerant</strong></span> <span class='ocrx_word' id='word_1_490' title='bbox 1353 3289 1387 3343; x_wconf 90' lang='lat' dir='ltr'><strong>ad</strong></span> <span class='ocrx_word' id='word_1_491' title='bbox 1411 3289 1547 3344; x_wconf 82' lang='lat' dir='ltr'><strong>civitatem</strong></span> <span class='ocrx_word' id='word_1_492' title='bbox 1562 3288 1685 3346; x_wconf 81' lang='lat' dir='ltr'><strong>&#39;lbraciss</strong></span> <span class='ocrx_word' id='word_1_493' title='bbox 1705 3290 1810 3345; x_wconf 91' lang='lat' dir='ltr'><strong>nunrine</strong></span> <span class='ocrx_word' id='word_1_494' title='bbox 1830 3287 1872 3343; x_wconf 80' lang='lat' dir='ltr'><strong>lii·</strong></span> 
     </span>
     <span class='ocr_line' id='line_1_66' title="bbox 1081 3377 1871 3449; baseline -0.008 -12"><span class='ocrx_word' id='word_1_495' title='bbox 1081 3393 1164 3437; x_wconf 72' lang='lat' dir='ltr'><strong>eatam</strong></span> <span class='ocrx_word' id='word_1_496' title='bbox 1178 3396 1185 3430; x_wconf 88' lang='lat'><strong>:</strong></span> <span class='ocrx_word' id='word_1_497' title='bbox 1200 3393 1255 3447; x_wconf 80' lang='lat' dir='ltr'><strong>qao</strong></span> <span class='ocrx_word' id='word_1_498' title='bbox 1264 3377 1341 3433; x_wconf 81' lang='lat' dir='ltr'><strong>breti</strong></span> <span class='ocrx_word' id='word_1_499' title='bbox 1353 3384 1478 3449; x_wconf 85' lang='lat' dir='ltr'><strong>tempore</strong></span> <span class='ocrx_word' id='word_1_500' title='bbox 1488 3390 1691 3439; x_wconf 80' lang='lat' dir='ltr'><strong>commoraroes</strong></span> <span class='ocrx_word' id='word_1_501' title='bbox 1709 3381 1778 3435; x_wconf 86' lang='lat' dir='ltr'><strong>aliud</strong></span> <span class='ocrx_word' id='word_1_502' title='bbox 1792 3377 1871 3434; x_wconf 78' lang='lat' dir='ltr'><strong>lecara</strong></span> 
     </span>
     <span class='ocr_line' id='line_1_67' title="bbox 1082 3469 1872 3544; baseline 0 -17"><span class='ocrx_word' id='word_1_503' title='bbox 1082 3471 1234 3527; x_wconf 84' lang='lat' dir='ltr'><strong>concilium.</strong></span> <span class='ocrx_word' id='word_1_504' title='bbox 1252 3469 1285 3525; x_wconf 82' lang='lat' dir='ltr'><strong>lit</strong></span> <span class='ocrx_word' id='word_1_505' title='bbox 1296 3471 1394 3526; x_wconf 82' lang='lat' dir='ltr'><strong>lectam</strong></span> <span class='ocrx_word' id='word_1_506' title='bbox 1408 3472 1436 3527; x_wconf 93' lang='lat' dir='ltr'><strong>in</strong></span> <span class='ocrx_word' id='word_1_507' title='bbox 1459 3472 1581 3529; x_wconf 75' lang='lat' dir='ltr'><strong>brbnino</strong></span> <span class='ocrx_word' id='word_1_508' title='bbox 1598 3476 1795 3544; x_wconf 86' lang='lat' dir='ltr'><strong>expositionem</strong></span> <span class='ocrx_word' id='word_1_509' title='bbox 1816 3469 1872 3527; x_wconf 88' lang='lat' dir='ltr'><strong>lidel</strong></span> 
     </span>
     <span class='ocr_line' id='line_1_68' title="bbox 1081 3561 1872 3634; baseline -0.006 -16"><span class='ocrx_word' id='word_1_510' title='bbox 1081 3561 1176 3618; x_wconf 77' lang='lat' dir='ltr'><strong>Graeco</strong></span> <span class='ocrx_word' id='word_1_511' title='bbox 1188 3562 1397 3633; x_wconf 89' lang='lat' dir='ltr'><strong>interpretantes</strong></span> <span class='ocrx_word' id='word_1_512' title='bbox 1407 3562 1516 3634; x_wconf 75' lang='lat' dir='ltr'><strong>eloqmn</strong></span> <span class='ocrx_word' id='word_1_513' title='bbox 1529 3563 1694 3634; x_wconf 87' lang='lat' dir='ltr'><strong>publicatam</strong></span> <span class='ocrx_word' id='word_1_514' title='bbox 1705 3562 1872 3620; x_wconf 79' lang='lat' dir='ltr'><strong>continuare·</strong></span> 
     </span>
     <span class='ocr_line' id='line_1_69' title="bbox 1081 3647 1872 3721; baseline -0.006 -14"><span class='ocrx_word' id='word_1_515' title='bbox 1081 3659 1160 3718; x_wconf 88' lang='lat' dir='ltr'><strong>runt;</strong></span> <span class='ocrx_word' id='word_1_516' title='bbox 1173 3659 1201 3705; x_wconf 92' lang='lat' dir='ltr'><strong>et</strong></span> <span class='ocrx_word' id='word_1_517' title='bbox 1211 3659 1305 3721; x_wconf 87' lang='lat' dir='ltr'><strong>postea</strong></span> <span class='ocrx_word' id='word_1_518' title='bbox 1320 3650 1494 3719; x_wconf 72' lang='lat' dir='ltr'><strong>divulgabunt</strong></span> <span class='ocrx_word' id='word_1_519' title='bbox 1507 3665 1567 3707; x_wconf 86' lang='lat' dir='ltr'><strong>eam</strong></span> <span class='ocrx_word' id='word_1_520' title='bbox 1581 3667 1641 3707; x_wconf 88' lang='lat' dir='ltr'><strong>esse</strong></span> <span class='ocrx_word' id='word_1_521' title='bbox 1664 3652 1744 3707; x_wconf 79' lang='lat' dir='ltr'><strong>srdnu</strong></span> <span class='ocrx_word' id='word_1_522' title='bbox 1766 3664 1823 3721; x_wconf 79' lang='lat' dir='ltr'><strong>qun</strong></span> <span class='ocrx_word' id='word_1_523' title='bbox 1840 3647 1872 3702; x_wconf 87' lang='lat' dir='ltr'><strong>ab</strong></span> 
     </span>
     <span class='ocr_line' id='line_1_70' title="bbox 1082 3740 1871 3803; baseline 0.003 -2"><span class='ocrx_word' id='word_1_524' title='bbox 1082 3744 1227 3801; x_wconf 79' lang='lat' dir='ltr'><strong>uniuersali</strong></span> <span class='ocrx_word' id='word_1_525' title='bbox 1238 3741 1353 3798; x_wconf 91' lang='lat' dir='ltr'><strong>coneilio</strong></span> <span class='ocrx_word' id='word_1_526' title='bbox 1364 3740 1506 3797; x_wconf 87' lang='lat' dir='ltr'><strong>etdictata</strong></span> <span class='ocrx_word' id='word_1_527' title='bbox 1521 3752 1594 3798; x_wconf 84' lang='lat' dir='ltr'><strong>esset</strong></span> <span class='ocrx_word' id='word_1_528' title='bbox 1604 3754 1632 3799; x_wconf 88' lang='lat' dir='ltr'><strong>et</strong></span> <span class='ocrx_word' id='word_1_529' title='bbox 1645 3745 1718 3800; x_wconf 88' lang='lat' dir='ltr'><strong>edita</strong></span> <span class='ocrx_word' id='word_1_530' title='bbox 1733 3745 1760 3799; x_wconf 91' lang='lat' dir='ltr'><strong>in</strong></span> <span class='ocrx_word' id='word_1_531' title='bbox 1774 3742 1871 3803; x_wconf 72' lang='lat' dir='ltr'><strong>armar</strong></span> 
     </span>
     <span class='ocr_line' id='line_1_71' title="bbox 1082 3831 1873 3906; baseline -0.005 -17"><span class='ocrx_word' id='word_1_532' title='bbox 1082 3843 1112 3889; x_wconf 81' lang='lat' dir='ltr'><strong>nt</strong></span> <span class='ocrx_word' id='word_1_533' title='bbox 1125 3833 1300 3890; x_wconf 87' lang='lat' dir='ltr'><strong>similitudine</strong></span> <span class='ocrx_word' id='word_1_534' title='bbox 1310 3833 1429 3890; x_wconf 84' lang='lat' dir='ltr'><strong>nominis</strong></span> <span class='ocrx_word' id='word_1_535' title='bbox 1447 3832 1547 3890; x_wconf 85' lang='lat' dir='ltr'><strong>Nieaeui</strong></span> <span class='ocrx_word' id='word_1_536' title='bbox 1564 3836 1746 3906; x_wconf 84' lang='lat' dir='ltr'><strong>sirrrplieiores</strong></span> <span class='ocrx_word' id='word_1_537' title='bbox 1758 3834 1807 3890; x_wconf 84' lang='lat' dir='ltr'><strong>irae</strong></span> <span class='ocrx_word' id='word_1_538' title='bbox 1818 3831 1873 3887; x_wconf 89' lang='lat' dir='ltr'><strong>sub·</strong></span> 
     </span>
     <span class='ocr_line' id='line_1_72' title="bbox 1081 3916 1873 3996; baseline -0.005 -16"><span class='ocrx_word' id='word_1_539' title='bbox 1081 3925 1205 3995; x_wconf 79' lang='lat' dir='ltr'><strong>ceptione</strong></span> <span class='ocrx_word' id='word_1_540' title='bbox 1218 3923 1372 3996; x_wconf 85' lang='lat' dir='ltr'><strong>deciperent</strong></span> <span class='ocrx_word' id='word_1_541' title='bbox 1384 3943 1390 3979; x_wconf 92' lang='lat'>:</span> <span class='ocrx_word' id='word_1_542' title='bbox 1403 3916 1542 3994; x_wconf 82' lang='lat' dir='ltr'><strong>putabant=</strong></span> <span class='ocrx_word' id='word_1_543' title='bbox 1552 3927 1624 3981; x_wconf 86' lang='lat' dir='ltr'><strong>enim</strong></span> <span class='ocrx_word' id='word_1_544' title='bbox 1647 3927 1676 3982; x_wconf 91' lang='lat' dir='ltr'><strong>in</strong></span> <span class='ocrx_word' id='word_1_545' title='bbox 1689 3927 1777 3990; x_wconf 80' lang='lat' dir='ltr'><strong>Nicara</strong></span> <span class='ocrx_word' id='word_1_546' title='bbox 1789 3924 1873 3993; x_wconf 70' lang='lat' dir='ltr'><strong>liittr-</strong></span> 
     </span>
     <span class='ocr_line' id='line_1_73' title="bbox 1082 4013 1873 4089; baseline -0.011 -14"><span class='ocrx_word' id='word_1_547' title='bbox 1082 4020 1133 4075; x_wconf 73' lang='lat' dir='ltr'><strong>nise</strong></span> <span class='ocrx_word' id='word_1_548' title='bbox 1145 4034 1206 4075; x_wconf 84' lang='lat' dir='ltr'><strong>esse</strong></span> <span class='ocrx_word' id='word_1_549' title='bbox 1226 4019 1355 4074; x_wconf 80' lang='lat' dir='ltr'><strong>dictatam</strong></span> <span class='ocrx_word' id='word_1_550' title='bbox 1370 4016 1461 4074; x_wconf 85' lang='lat' dir='ltr'><strong>fldem.</strong></span> <span class='ocrx_word' id='word_1_551' title='bbox 1483 4017 1536 4073; x_wconf 88' lang='lat' dir='ltr'><strong>Sed</strong></span> <span class='ocrx_word' id='word_1_552' title='bbox 1558 4018 1625 4085; x_wconf 85' lang='lat' dir='ltr'><strong>urlril</strong></span> <span class='ocrx_word' id='word_1_553' title='bbox 1646 4019 1748 4089; x_wconf 83' lang='lat' dir='ltr'><strong>proluit</strong></span> <span class='ocrx_word' id='word_1_554' title='bbox 1767 4016 1806 4072; x_wconf 85' lang='lat' dir='ltr'><strong>eis</strong></span> <span class='ocrx_word' id='word_1_555' title='bbox 1820 4013 1873 4067; x_wconf 85' lang='lat' dir='ltr'><strong>tale</strong></span> 
     </span>
     <span class='ocr_line' id='line_1_74' title="bbox 1082 4108 1873 4181; baseline -0.011 -15"><span class='ocrx_word' id='word_1_556' title='bbox 1082 4118 1273 4166; x_wconf 84' lang='lat' dir='ltr'><strong>cortrrueutum.</strong></span> <span class='ocrx_word' id='word_1_557' title='bbox 1293 4108 1359 4166; x_wconf 80' lang='lat' dir='ltr'><strong>Post</strong></span> <span class='ocrx_word' id='word_1_558' title='bbox 1380 4109 1517 4179; x_wconf 89' lang='lat' dir='ltr'><strong>paululum</strong></span> <span class='ocrx_word' id='word_1_559' title='bbox 1531 4125 1649 4181; x_wconf 82' lang='lat' dir='ltr'><strong>namque</strong></span> <span class='ocrx_word' id='word_1_560' title='bbox 1673 4108 1777 4167; x_wconf 85' lang='lat' dir='ltr'><strong>unuiusi</strong></span> <span class='ocrx_word' id='word_1_561' title='bbox 1797 4114 1873 4175; x_wconf 83' lang='lat' dir='ltr'><strong>atqon</strong></span> 
     </span>
    </p>
   </div>
   <div class='ocr_carea' id='block_1_17' title="bbox 230 4176 1872 4273">
    <p class='ocr_par' dir='ltr' id='par_1_21' title="bbox 230 4176 1872 4273">
     <span class='ocr_line' id='line_1_75' title="bbox 230 4176 1872 4273; baseline 0.001 -24"><span class='ocrx_word' id='word_1_562' title='bbox 230 4179 275 4246; x_wconf 68' lang='lat'><strong>372</strong></span> <span class='ocrx_word' id='word_1_563' title='bbox 290 4197 316 4249; x_wconf 79' lang='lat' dir='ltr'><strong>p,</strong></span> <span class='ocrx_word' id='word_1_564' title='bbox 332 4176 393 4233; x_wconf 79' lang='grc'><strong>139.</strong></span> <span class='ocrx_word' id='word_1_565' title='bbox 1082 4201 1161 4257; x_wconf 87' lang='lat' dir='ltr'><strong>derisi</strong></span> <span class='ocrx_word' id='word_1_566' title='bbox 1174 4210 1247 4258; x_wconf 91' lang='lat' dir='ltr'><strong>suut.</strong></span> <span class='ocrx_word' id='word_1_567' title='bbox 1263 4200 1414 4271; x_wconf 70' lang='grc' dir='ltr'>Βοιιιιτι,</span> <span class='ocrx_word' id='word_1_568' title='bbox 1428 4202 1474 4257; x_wconf 83' lang='lat' dir='ltr'><strong>lii.</strong></span> <span class='ocrx_word' id='word_1_569' title='bbox 1494 4217 1520 4268; x_wconf 84' lang='lat' dir='ltr'><strong>rr,</strong></span> <span class='ocrx_word' id='word_1_570' title='bbox 1539 4219 1597 4273; x_wconf 79' lang='lat' dir='ltr'><strong>cap.</strong></span> <span class='ocrx_word' id='word_1_571' title='bbox 1622 4202 1674 4273; x_wconf 69' lang='lat'><strong>293</strong></span> <span class='ocrx_word' id='word_1_572' title='bbox 1700 4204 1762 4259; x_wconf 74' lang='lat' dir='ltr'><strong>edit.</strong></span> <span class='ocrx_word' id='word_1_573' title='bbox 1782 4200 1872 4255; x_wconf 72' lang='grc' dir='ltr'>(Σιιιιιι.</span> 
     </span>
    </p>
   </div>
   <div class='ocr_carea' id='block_1_18' title="bbox 1086 4292 1426 4362">
    <p class='ocr_par' dir='ltr' id='par_1_22' title="bbox 1086 4292 1426 4362">
     <span class='ocr_line' id='line_1_76' title="bbox 1086 4292 1426 4362; baseline 0.003 -15"><span class='ocrx_word' id='word_1_574' title='bbox 1086 4292 1174 4348; x_wconf 81' lang='lat' dir='ltr'><strong>Vnica.</strong></span> <span class='ocrx_word' id='word_1_575' title='bbox 1191 4309 1248 4362; x_wconf 76' lang='lat' dir='ltr'><strong>esp.</strong></span> <span class='ocrx_word' id='word_1_576' title='bbox 1263 4292 1307 4356; x_wconf 82' lang='lat' dir='ltr'><strong>at,</strong></span> <span class='ocrx_word' id='word_1_577' title='bbox 1322 4310 1348 4362; x_wconf 88' lang='lat' dir='ltr'><strong>p.</strong></span> <span class='ocrx_word' id='word_1_578' title='bbox 1365 4293 1426 4348; x_wconf 85' lang='grc'><strong>111.</strong></span> 
     </span>
    </p>
   </div>
   <div class='ocr_carea' id='block_1_19' title="bbox 1361 4420 1590 4481">
    <p class='ocr_par' dir='ltr' id='par_1_23' title="bbox 1361 4420 1590 4481">
     <span class='ocr_line' id='line_1_77' title="bbox 1361 4420 1590 4481; baseline 0.004 -1"><span class='ocrx_word' id='word_1_579' title='bbox 1361 4420 1476 4481; x_wconf 77' lang='lat' dir='ltr'><strong>cartu</strong></span> <span class='ocrx_word' id='word_1_580' title='bbox 1495 4424 1590 4481; x_wconf 81' lang='lat' dir='ltr'><strong>xxvt</strong></span> 
     </span>
    </p>
   </div>
   <div class='ocr_carea' id='block_1_20' title="bbox 267 4510 1872 4658">
    <p class='ocr_par' dir='ltr' id='par_1_24' title="bbox 267 4510 1872 4658">
     <span class='ocr_line' id='line_1_78' title="bbox 1044 4510 1872 4587; baseline -0.008 -16"><span class='ocrx_word' id='word_1_581' title='bbox 1044 4510 1388 4578; x_wconf 67' lang='lat' dir='ltr'><strong>nonantulanorum</strong></span> <span class='ocrx_word' id='word_1_582' title='bbox 1402 4517 1517 4587; x_wconf 71' lang='lat' dir='ltr'><strong>[urerent</strong></span> <span class='ocrx_word' id='word_1_583' title='bbox 1536 4515 1685 4572; x_wconf 80' lang='lat' dir='ltr'><strong>Constantii</strong></span> <span class='ocrx_word' id='word_1_584' title='bbox 1699 4514 1783 4570; x_wconf 82' lang='lat' dir='ltr'><strong>denuo</strong></span> <span class='ocrx_word' id='word_1_585' title='bbox 1802 4511 1872 4567; x_wconf 82' lang='lat' dir='ltr'><strong>decli·</strong></span> 
     </span>
     <span class='ocr_line' id='line_1_79' title="bbox 267 4584 1536 4658; baseline -0.006 -13"><span class='ocrx_word' id='word_1_586' title='bbox 267 4589 384 4646; x_wconf 83' lang='lat' dir='ltr'><strong>Litteras</strong></span> <span class='ocrx_word' id='word_1_587' title='bbox 397 4588 548 4644; x_wconf 77' lang='lat' dir='ltr'><strong>elementiae</strong></span> <span class='ocrx_word' id='word_1_588' title='bbox 572 4595 625 4642; x_wconf 80' lang='lat' dir='ltr'><strong>tue</strong></span> <span class='ocrx_word' id='word_1_589' title='bbox 648 4585 825 4658; x_wconf 86' lang='lat' dir='ltr'><strong>suscepimus,</strong></span> <span class='ocrx_word' id='word_1_590' title='bbox 849 4585 958 4641; x_wconf 89' lang='lat' dir='ltr'><strong>domine</strong></span> <span class='ocrx_word' id='word_1_591' title='bbox 971 4584 1029 4640; x_wconf 85' lang='lat' dir='ltr'><strong>beo</strong></span> <span class='ocrx_word' id='word_1_592' title='bbox 1424 4586 1536 4639; x_wconf 75' lang='lat' dir='ltr'><strong>noterit.</strong></span> 
     </span>
    </p>
   </div>
   <div class='ocr_carea' id='block_1_21' title="bbox 190 4666 1945 5849">
    <p class='ocr_par' dir='ltr' id='par_1_25' title="bbox 190 4666 1945 5485">
     <span class='ocr_line' id='line_1_80' title="bbox 232 4666 1945 4749; baseline -0.007 -12"><span class='ocrx_word' id='word_1_593' title='bbox 232 4680 355 4737; x_wconf 87' lang='lat' dir='ltr'><strong>amabitis</strong></span> <span class='ocrx_word' id='word_1_594' title='bbox 368 4679 534 4749; x_wconf 87' lang='lat' dir='ltr'><strong>imperator:</strong></span> <span class='ocrx_word' id='word_1_595' title='bbox 551 4677 648 4748; x_wconf 81' lang='lat' dir='ltr'><strong>quibus</strong></span> <span class='ocrx_word' id='word_1_596' title='bbox 661 4677 826 4742; x_wconf 85' lang='lat' dir='ltr'><strong>continetur,</strong></span> <span class='ocrx_word' id='word_1_597' title='bbox 841 4676 903 4747; x_wconf 80' lang='lat' dir='ltr'><strong>quia</strong></span> <span class='ocrx_word' id='word_1_598' title='bbox 916 4682 1029 4746; x_wconf 82' lang='lat' dir='ltr'><strong>propter</strong></span> <span class='ocrx_word' id='word_1_599' title='bbox 1115 4675 1221 4732; x_wconf 87' lang='lat' dir='ltr'><strong>interea</strong></span> <span class='ocrx_word' id='word_1_600' title='bbox 1235 4676 1356 4732; x_wconf 89' lang='lat' dir='ltr'><strong>sentiens</strong></span> <span class='ocrx_word' id='word_1_601' title='bbox 1369 4675 1529 4731; x_wconf 78' lang='lat' dir='ltr'><strong>tatuanasius</strong></span> <span class='ocrx_word' id='word_1_602' title='bbox 1538 4676 1589 4732; x_wconf 81' lang='lat' dir='ltr'><strong>sabi</strong></span> <span class='ocrx_word' id='word_1_603' title='bbox 1601 4676 1713 4732; x_wconf 89' lang='lat' dir='ltr'><strong>insidias</strong></span> <span class='ocrx_word' id='word_1_604' title='bbox 1723 4671 1871 4747; x_wconf 81' lang='lat' dir='ltr'><strong>preparari,</strong></span> <span class='ocrx_word' id='word_1_605' title='bbox 1944 4666 1945 4669; x_wconf 69' lang='grc'>’</span> 
     </span>
     <span class='ocr_line' id='line_1_81' title="bbox 232 4764 1872 4840; baseline -0.008 -13"><span class='ocrx_word' id='word_1_606' title='bbox 232 4771 421 4827; x_wconf 86' lang='lat' dir='ltr'><strong>necessitatem</strong></span> <span class='ocrx_word' id='word_1_607' title='bbox 436 4766 570 4840; x_wconf 89' lang='lat' dir='ltr'><strong>publicam</strong></span> <span class='ocrx_word' id='word_1_608' title='bbox 585 4767 694 4822; x_wconf 90' lang='lat' dir='ltr'><strong>iuterim</strong></span> <span class='ocrx_word' id='word_1_609' title='bbox 718 4783 771 4822; x_wconf 91' lang='lat' dir='ltr'><strong>nou</strong></span> <span class='ocrx_word' id='word_1_610' title='bbox 787 4766 899 4836; x_wconf 90' lang='lat' dir='ltr'><strong>potuisti</strong></span> <span class='ocrx_word' id='word_1_611' title='bbox 918 4773 1029 4821; x_wconf 85' lang='lat' dir='ltr'><strong>nostros</strong></span> <span class='ocrx_word' id='word_1_612' title='bbox 1080 4780 1249 4835; x_wconf 82' lang='lat' dir='ltr'><strong>nequaquam</strong></span> <span class='ocrx_word' id='word_1_613' title='bbox 1264 4765 1297 4819; x_wconf 92' lang='lat' dir='ltr'><strong>ad</strong></span> <span class='ocrx_word' id='word_1_614' title='bbox 1310 4765 1501 4834; x_wconf 89' lang='lat' dir='ltr'><strong>imperatorem</strong></span> <span class='ocrx_word' id='word_1_615' title='bbox 1520 4766 1612 4821; x_wconf 84' lang='lat' dir='ltr'><strong>uenire</strong></span> <span class='ocrx_word' id='word_1_616' title='bbox 1635 4764 1815 4836; x_wconf 75' lang='lat' dir='ltr'><strong>presumpsit,</strong></span> <span class='ocrx_word' id='word_1_617' title='bbox 1829 4775 1872 4816; x_wconf 77' lang='lat' dir='ltr'><strong>ue</strong></span> 
     </span>
     <span class='ocr_line' id='line_1_82' title="bbox 232 4854 1871 4932; baseline -0.009 -13"><span class='ocrx_word' id='word_1_618' title='bbox 232 4864 325 4920; x_wconf 88' lang='lat' dir='ltr'><strong>ridere</strong></span> <span class='ocrx_word' id='word_1_619' title='bbox 339 4862 452 4932; x_wconf 82' lang='lat' dir='ltr'><strong>legatos,</strong></span> <span class='ocrx_word' id='word_1_620' title='bbox 469 4875 572 4931; x_wconf 67' lang='lat' dir='ltr'><strong>uomere</strong></span> <span class='ocrx_word' id='word_1_621' title='bbox 583 4859 684 4929; x_wconf 82' lang='lat' dir='ltr'><strong>jubetis</strong></span> <span class='ocrx_word' id='word_1_622' title='bbox 695 4865 725 4913; x_wconf 91' lang='lat' dir='ltr'><strong>ut</strong></span> <span class='ocrx_word' id='word_1_623' title='bbox 739 4870 833 4913; x_wconf 89' lang='lat' dir='ltr'><strong>eorum</strong></span> <span class='ocrx_word' id='word_1_624' title='bbox 848 4857 1028 4912; x_wconf 85' lang='lat' dir='ltr'><strong>sustineamus</strong></span> <span class='ocrx_word' id='word_1_625' title='bbox 1079 4870 1132 4925; x_wconf 76' lang='lat' dir='ltr'><strong>ute</strong></span> <span class='ocrx_word' id='word_1_626' title='bbox 1147 4856 1198 4911; x_wconf 88' lang='lat' dir='ltr'><strong>boe</strong></span> <span class='ocrx_word' id='word_1_627' title='bbox 1212 4856 1277 4912; x_wconf 88' lang='lat' dir='ltr'><strong>utile</strong></span> <span class='ocrx_word' id='word_1_628' title='bbox 1289 4855 1433 4926; x_wconf 76' lang='lat' dir='ltr'><strong>judicavit:</strong></span> <span class='ocrx_word' id='word_1_629' title='bbox 1448 4854 1496 4911; x_wconf 91' lang='lat' dir='ltr'><strong>sed</strong></span> <span class='ocrx_word' id='word_1_630' title='bbox 1509 4856 1610 4913; x_wconf 87' lang='lat' dir='ltr'><strong>electos</strong></span> <span class='ocrx_word' id='word_1_631' title='bbox 1620 4872 1653 4912; x_wconf 86' lang='lat' dir='ltr'><strong>cx</strong></span> <span class='ocrx_word' id='word_1_632' title='bbox 1668 4854 1787 4927; x_wconf 82' lang='lat' dir='ltr'><strong>AEgypto</strong></span> <span class='ocrx_word' id='word_1_633' title='bbox 1798 4854 1871 4924; x_wconf 85' lang='lat' dir='ltr'><strong>qoin-</strong></span> 
     </span>
     <span class='ocr_line' id='line_1_83' title="bbox 232 4944 1870 5021; baseline -0.009 -14"><span class='ocrx_word' id='word_1_634' title='bbox 232 4952 389 5019; x_wconf 87' lang='lat' dir='ltr'><strong>adrentaru,</strong></span> <span class='ocrx_word' id='word_1_635' title='bbox 405 4950 495 5007; x_wconf 90' lang='lat' dir='ltr'><strong>donee</strong></span> <span class='ocrx_word' id='word_1_636' title='bbox 519 4964 553 5006; x_wconf 88' lang='lat' dir='ltr'><strong>ea</strong></span> <span class='ocrx_word' id='word_1_637' title='bbox 567 4964 628 5021; x_wconf 74' lang='lat' dir='ltr'><strong>quse</strong></span> <span class='ocrx_word' id='word_1_638' title='bbox 651 4948 756 5002; x_wconf 87' lang='lat' dir='ltr'><strong>anobis</strong></span> <span class='ocrx_word' id='word_1_639' title='bbox 778 4947 887 5002; x_wconf 85' lang='lat' dir='ltr'><strong>decreta</strong></span> <span class='ocrx_word' id='word_1_640' title='bbox 914 4954 978 4999; x_wconf 93' lang='lat' dir='ltr'><strong>sunt</strong></span> <span class='ocrx_word' id='word_1_641' title='bbox 998 4954 1029 5000; x_wconf 86' lang='lat' dir='ltr'><strong>et</strong></span> <span class='ocrx_word' id='word_1_642' title='bbox 1080 4960 1133 5017; x_wconf 79' lang='lat' dir='ltr'><strong>quo</strong></span> <span class='ocrx_word' id='word_1_643' title='bbox 1148 4946 1301 5016; x_wconf 83' lang='lat' dir='ltr'><strong>episcopos,</strong></span> <span class='ocrx_word' id='word_1_644' title='bbox 1318 4945 1387 4999; x_wconf 82' lang='lat' dir='ltr'><strong>inter</strong></span> <span class='ocrx_word' id='word_1_645' title='bbox 1399 4958 1469 5015; x_wconf 78' lang='lat' dir='ltr'><strong>quos</strong></span> <span class='ocrx_word' id='word_1_646' title='bbox 1491 4944 1668 5016; x_wconf 80' lang='lat' dir='ltr'><strong>Serapionem</strong></span> <span class='ocrx_word' id='word_1_647' title='bbox 1685 4944 1870 4999; x_wconf 85' lang='lat' dir='ltr'><strong>&#39;llrrnrricusem</strong></span> 
     </span>
     <span class='ocr_line' id='line_1_84' title="bbox 232 5030 1872 5113; baseline -0.01 -12"><span class='ocrx_word' id='word_1_648' title='bbox 232 5045 332 5101; x_wconf 88' lang='lat' dir='ltr'><strong>nostris</strong></span> <span class='ocrx_word' id='word_1_649' title='bbox 345 5043 562 5113; x_wconf 81' lang='lat' dir='ltr'><strong>progenitoribus</strong></span> <span class='ocrx_word' id='word_1_650' title='bbox 581 5052 731 5096; x_wconf 86' lang='lat' dir='ltr'><strong>consonare</strong></span> <span class='ocrx_word' id='word_1_651' title='bbox 750 5044 910 5100; x_wconf 87' lang='lat' dir='ltr'><strong>noscuntur,</strong></span> <span class='ocrx_word' id='word_1_652' title='bbox 933 5035 968 5092; x_wconf 92' lang='lat' dir='ltr'><strong>ab</strong></span> <span class='ocrx_word' id='word_1_653' title='bbox 989 5036 1030 5092; x_wconf 90' lang='lat' dir='ltr'><strong>eis</strong></span> <span class='ocrx_word' id='word_1_654' title='bbox 1082 5039 1169 5094; x_wconf 84' lang='lat' dir='ltr'><strong>tirum</strong></span> <span class='ocrx_word' id='word_1_655' title='bbox 1182 5036 1316 5107; x_wconf 77' lang='lat' dir='ltr'><strong>precipua</strong></span> <span class='ocrx_word' id='word_1_656' title='bbox 1331 5036 1385 5091; x_wconf 86' lang='lat' dir='ltr'><strong>rita</strong></span> <span class='ocrx_word' id='word_1_657' title='bbox 1401 5044 1563 5092; x_wconf 89' lang='lat' dir='ltr'><strong>sanctumet</strong></span> <span class='ocrx_word' id='word_1_658' title='bbox 1577 5035 1785 5106; x_wconf 82' lang='lat' dir='ltr'><strong>adloquendum</strong></span> <span class='ocrx_word' id='word_1_659' title='bbox 1800 5030 1872 5086; x_wconf 79' lang='lat' dir='ltr'><strong>vaide</strong></span> 
     </span>
     <span class='ocr_line' id='line_1_85' title="bbox 232 5122 1870 5207; baseline -0.01 -16"><span class='ocrx_word' id='word_1_660' title='bbox 232 5137 321 5207; x_wconf 84' lang='lat' dir='ltr'><strong>pietas</strong></span> <span class='ocrx_word' id='word_1_661' title='bbox 330 5143 419 5190; x_wconf 84' lang='lat' dir='ltr'><strong>restra</strong></span> <span class='ocrx_word' id='word_1_662' title='bbox 432 5139 587 5203; x_wconf 84' lang='lat' dir='ltr'><strong>cognoseat.</strong></span> <span class='ocrx_word' id='word_1_663' title='bbox 600 5128 781 5197; x_wconf 84' lang='lat' dir='ltr'><strong>Quamobrem</strong></span> <span class='ocrx_word' id='word_1_664' title='bbox 796 5136 825 5183; x_wconf 86' lang='lat' dir='ltr'><strong>et</strong></span> <span class='ocrx_word' id='word_1_665' title='bbox 838 5140 909 5182; x_wconf 89' lang='lat' dir='ltr'><strong>nune</strong></span> <span class='ocrx_word' id='word_1_666' title='bbox 918 5141 968 5196; x_wconf 85' lang='lat' dir='ltr'><strong>per</strong></span> <span class='ocrx_word' id='word_1_667' title='bbox 981 5126 1029 5181; x_wconf 84' lang='lat' dir='ltr'><strong>bas</strong></span> <span class='ocrx_word' id='word_1_668' title='bbox 1081 5130 1230 5201; x_wconf 81' lang='lat' dir='ltr'><strong>copiosum,</strong></span> <span class='ocrx_word' id='word_1_669' title='bbox 1243 5129 1325 5184; x_wconf 90' lang='lat' dir='ltr'><strong>mittit</strong></span> <span class='ocrx_word' id='word_1_670' title='bbox 1339 5127 1373 5183; x_wconf 91' lang='lat' dir='ltr'><strong>ad</strong></span> <span class='ocrx_word' id='word_1_671' title='bbox 1385 5128 1533 5198; x_wconf 85' lang='lat' dir='ltr'><strong>prirrelpem</strong></span> <span class='ocrx_word' id='word_1_672' title='bbox 1548 5137 1612 5184; x_wconf 88' lang='lat' dir='ltr'><strong>tune</strong></span> <span class='ocrx_word' id='word_1_673' title='bbox 1626 5129 1652 5182; x_wconf 91' lang='lat' dir='ltr'><strong>in</strong></span> <span class='ocrx_word' id='word_1_674' title='bbox 1665 5124 1811 5183; x_wconf 74' lang='lat' dir='ltr'><strong>Oeddente</strong></span> <span class='ocrx_word' id='word_1_675' title='bbox 1829 5122 1870 5175; x_wconf 87' lang='lat' dir='ltr'><strong>de·</strong></span> 
     </span>
     <span class='ocr_line' id='line_1_86' title="bbox 233 5218 1873 5294; baseline -0.008 -13"><span class='ocrx_word' id='word_1_676' title='bbox 233 5225 338 5281; x_wconf 87' lang='lat' dir='ltr'><strong>litteras</strong></span> <span class='ocrx_word' id='word_1_677' title='bbox 351 5222 509 5294; x_wconf 87' lang='lat' dir='ltr'><strong>proiltemrrr</strong></span> <span class='ocrx_word' id='word_1_678' title='bbox 522 5230 604 5290; x_wconf 78' lang='lat' dir='ltr'><strong>atque</strong></span> <span class='ocrx_word' id='word_1_679' title='bbox 618 5219 756 5274; x_wconf 87' lang='lat' dir='ltr'><strong>lirnramus</strong></span> <span class='ocrx_word' id='word_1_680' title='bbox 769 5231 938 5288; x_wconf 87' lang='lat' dir='ltr'><strong>nequaquam</strong></span> <span class='ocrx_word' id='word_1_681' title='bbox 952 5230 1028 5271; x_wconf 91' lang='lat' dir='ltr'><strong>unsa</strong></span> <span class='ocrx_word' id='word_1_682' title='bbox 1079 5220 1197 5290; x_wconf 77' lang='lat' dir='ltr'><strong>gentem,</strong></span> <span class='ocrx_word' id='word_1_683' title='bbox 1213 5218 1476 5289; x_wconf 65' lang='lat' dir='ltr'><strong>contemnentium</strong></span> <span class='ocrx_word' id='word_1_684' title='bbox 1487 5219 1738 5290; x_wconf 81' lang='lat' dir='ltr'><strong>tresprcsbyteros‚</strong></span> <span class='ocrx_word' id='word_1_685' title='bbox 1754 5225 1873 5286; x_wconf 76' lang='lat' dir='ltr'><strong>pereunt</strong></span> 
     </span>
     <span class='ocr_line' id='line_1_87' title="bbox 233 5303 1871 5391; baseline -0.012 -17"><span class='ocrx_word' id='word_1_686' title='bbox 233 5318 374 5391; x_wconf 85' lang='lat' dir='ltr'><strong>proposito</strong></span> <span class='ocrx_word' id='word_1_687' title='bbox 387 5322 480 5370; x_wconf 84' lang='lat' dir='ltr'><strong>nostro</strong></span> <span class='ocrx_word' id='word_1_688' title='bbox 493 5309 796 5369; x_wconf 82' lang='lat' dir='ltr'><strong>recederelioeetiam</strong></span> <span class='ocrx_word' id='word_1_689' title='bbox 813 5310 913 5365; x_wconf 90' lang='lat' dir='ltr'><strong>nostris</strong></span> <span class='ocrx_word' id='word_1_690' title='bbox 932 5308 1029 5378; x_wconf 86' lang='lat' dir='ltr'><strong>legatis</strong></span> <span class='ocrx_word' id='word_1_691' title='bbox 1079 5311 1130 5367; x_wconf 92' lang='lat' dir='ltr'><strong>sibi</strong></span> <span class='ocrx_word' id='word_1_692' title='bbox 1154 5313 1277 5383; x_wconf 83' lang='lat' dir='ltr'><strong>placaret</strong></span> <span class='ocrx_word' id='word_1_693' title='bbox 1298 5312 1498 5381; x_wconf 74' lang='lat' dir='ltr'><strong>inperatorem,</strong></span> <span class='ocrx_word' id='word_1_694' title='bbox 1524 5317 1553 5365; x_wconf 88' lang='lat' dir='ltr'><strong>ct</strong></span> <span class='ocrx_word' id='word_1_695' title='bbox 1579 5324 1628 5380; x_wconf 88' lang='lat' dir='ltr'><strong>pro</strong></span> <span class='ocrx_word' id='word_1_696' title='bbox 1655 5303 1871 5377; x_wconf 89' lang='lat' dir='ltr'><strong>derogationibus</strong></span> 
     </span>
     <span class='ocr_line' id='line_1_88' title="bbox 190 5389 1920 5485; baseline -0.013 -16"><span class='ocrx_word' id='word_1_697' title='bbox 190 5480 197 5485; x_wconf 31' lang='lat'>¹</span> <span class='ocrx_word' id='word_1_698' title='bbox 234 5408 409 5482; x_wconf 75' lang='lat' dir='ltr'><strong>iuiurraimus.</strong></span> <span class='ocrx_word' id='word_1_699' title='bbox 425 5404 614 5477; x_wconf 85' lang='lat' dir='ltr'><strong>Supplicamus</strong></span> <span class='ocrx_word' id='word_1_700' title='bbox 628 5403 709 5473; x_wconf 88' lang='lat' dir='ltr'><strong>igitur</strong></span> <span class='ocrx_word' id='word_1_701' title='bbox 725 5409 755 5458; x_wconf 91' lang='lat' dir='ltr'><strong>ut</strong></span> <span class='ocrx_word' id='word_1_702' title='bbox 773 5402 863 5457; x_wconf 88' lang='lat' dir='ltr'><strong>animo</strong></span> <span class='ocrx_word' id='word_1_703' title='bbox 882 5398 1028 5470; x_wconf 86' lang='lat' dir='ltr'><strong>tranquillo</strong></span> <span class='ocrx_word' id='word_1_704' title='bbox 1079 5403 1265 5461; x_wconf 81' lang='lat' dir='ltr'><strong>satisfacerent</strong></span> <span class='ocrx_word' id='word_1_705' title='bbox 1286 5401 1468 5469; x_wconf 86' lang='lat' dir='ltr'><strong>inimieorum,</strong></span> <span class='ocrx_word' id='word_1_706' title='bbox 1494 5399 1600 5470; x_wconf 87' lang='lat' dir='ltr'><strong>aliaque</strong></span> <span class='ocrx_word' id='word_1_707' title='bbox 1626 5398 1749 5454; x_wconf 89' lang='lat' dir='ltr'><strong>lacerent</strong></span> <span class='ocrx_word' id='word_1_708' title='bbox 1767 5389 1869 5465; x_wconf 81' lang='lat' dir='ltr'><strong>queei</strong></span> <span class='ocrx_word' id='word_1_709' title='bbox 1915 5404 1920 5415; x_wconf 73' lang='lat'>¹</span> 
     </span>
    </p>

    <p class='ocr_par' dir='ltr' id='par_1_26' title="bbox 234 5480 1870 5849">
     <span class='ocr_line' id='line_1_89' title="bbox 234 5480 1870 5579; baseline -0.014 -16"><span class='ocrx_word' id='word_1_710' title='bbox 234 5514 263 5563; x_wconf 91' lang='lat' dir='ltr'><strong>et</strong></span> <span class='ocrx_word' id='word_1_711' title='bbox 275 5510 422 5579; x_wconf 72' lang='lat' dir='ltr'><strong>praesentes</strong></span> <span class='ocrx_word' id='word_1_712' title='bbox 436 5510 535 5558; x_wconf 69' lang='lat' dir='ltr'><strong>nostrae</strong></span> <span class='ocrx_word' id='word_1_713' title='bbox 548 5498 741 5556; x_wconf 89' lang='lat' dir='ltr'><strong>mediocritatis</strong></span> <span class='ocrx_word' id='word_1_714' title='bbox 759 5497 862 5554; x_wconf 88' lang='lat' dir='ltr'><strong>litteras</strong></span> <span class='ocrx_word' id='word_1_715' title='bbox 879 5494 962 5565; x_wconf 89' lang='lat' dir='ltr'><strong>relegi</strong></span> <span class='ocrx_word' id='word_1_716' title='bbox 983 5493 1029 5563; x_wconf 81' lang='lat' dir='ltr'><strong>Ju-</strong></span> <span class='ocrx_word' id='word_1_717' title='bbox 1079 5493 1121 5547; x_wconf 88' lang='lat' dir='ltr'><strong>rel</strong></span> <span class='ocrx_word' id='word_1_718' title='bbox 1136 5490 1264 5547; x_wconf 80' lang='lat' dir='ltr'><strong>Ecclesiis</strong></span> <span class='ocrx_word' id='word_1_719' title='bbox 1278 5491 1445 5562; x_wconf 84' lang='lat' dir='ltr'><strong>expedirent.</strong></span> <span class='ocrx_word' id='word_1_720' title='bbox 1461 5488 1562 5558; x_wconf 77' lang='lat' dir='ltr'><strong>Quibus</strong></span> <span class='ocrx_word' id='word_1_721' title='bbox 1582 5486 1782 5558; x_wconf 74' lang='lat' dir='ltr'><strong>navigantibus,</strong></span> <span class='ocrx_word' id='word_1_722' title='bbox 1792 5480 1870 5553; x_wconf 82' lang='lat' dir='ltr'><strong>panto</strong></span> 
     </span>
     <span class='ocr_line' id='line_1_90' title="bbox 234 5566 1869 5666; baseline -0.021 -10"><span class='ocrx_word' id='word_1_723' title='bbox 234 5597 311 5666; x_wconf 85' lang='lat' dir='ltr'><strong>beas,</strong></span> <span class='ocrx_word' id='word_1_724' title='bbox 326 5602 355 5652; x_wconf 84' lang='lat' dir='ltr'><strong>et</strong></span> <span class='ocrx_word' id='word_1_725' title='bbox 373 5592 419 5650; x_wconf 89' lang='lat' dir='ltr'><strong>iila</strong></span> <span class='ocrx_word' id='word_1_726' title='bbox 432 5608 491 5663; x_wconf 78' lang='lat' dir='ltr'><strong>qun</strong></span> <span class='ocrx_word' id='word_1_727' title='bbox 508 5607 559 5664; x_wconf 83' lang='lat' dir='ltr'><strong>per</strong></span> <span class='ocrx_word' id='word_1_728' title='bbox 572 5592 676 5662; x_wconf 87' lang='lat' dir='ltr'><strong>legatos</strong></span> <span class='ocrx_word' id='word_1_729' title='bbox 699 5596 805 5646; x_wconf 92' lang='lat' dir='ltr'><strong>nostros</strong></span> <span class='ocrx_word' id='word_1_730' title='bbox 831 5584 1027 5650; x_wconf 87' lang='lat' dir='ltr'><strong>mandarimus,</strong></span> <span class='ocrx_word' id='word_1_731' title='bbox 1079 5591 1141 5654; x_wconf 90' lang='lat' dir='ltr'><strong>post</strong></span> <span class='ocrx_word' id='word_1_732' title='bbox 1150 5581 1247 5636; x_wconf 77' lang='lat' dir='ltr'><strong>litterae</strong></span> <span class='ocrx_word' id='word_1_733' title='bbox 1258 5588 1391 5636; x_wconf 79' lang='lat' dir='ltr'><strong>venerunt</strong></span> <span class='ocrx_word' id='word_1_734' title='bbox 1404 5579 1575 5649; x_wconf 85' lang='lat' dir='ltr'><strong>imperatoris</strong></span> <span class='ocrx_word' id='word_1_735' title='bbox 1588 5585 1736 5634; x_wconf 79' lang='lat' dir='ltr'><strong>evocantes</strong></span> <span class='ocrx_word' id='word_1_736' title='bbox 1746 5587 1816 5629; x_wconf 89' lang='lat' dir='ltr'><strong>eum.</strong></span> <span class='ocrx_word' id='word_1_737' title='bbox 1830 5566 1869 5622; x_wconf 90' lang='lat' dir='ltr'><strong>0b</strong></span> 
     </span>
     <span class='ocr_line' id='line_1_91' title="bbox 235 5665 1866 5757; baseline -0.015 -10"><span class='ocrx_word' id='word_1_738' title='bbox 235 5686 350 5746; x_wconf 71' lang='lat' dir='ltr'><strong>namne</strong></span> <span class='ocrx_word' id='word_1_739' title='bbox 361 5685 487 5757; x_wconf 85' lang='lat' dir='ltr'><strong>accipias.</strong></span> <span class='ocrx_word' id='word_1_740' title='bbox 509 5684 578 5740; x_wconf 91' lang='lat' dir='ltr'><strong>lliurl</strong></span> <span class='ocrx_word' id='word_1_741' title='bbox 590 5666 681 5755; x_wconf 82' lang='lat' dir='ltr'><strong>itaque</strong></span> <span class='ocrx_word' id='word_1_742' title='bbox 697 5683 835 5739; x_wconf 87' lang='lat' dir='ltr'><strong>nobiseum</strong></span> <span class='ocrx_word' id='word_1_743' title='bbox 855 5679 1030 5737; x_wconf 85' lang='lat' dir='ltr'><strong>considerare</strong></span> <span class='ocrx_word' id='word_1_744' title='bbox 1079 5686 1160 5747; x_wconf 82' lang='lat' dir='ltr'><strong>quam</strong></span> <span class='ocrx_word' id='word_1_745' title='bbox 1177 5688 1235 5729; x_wconf 87' lang='lat' dir='ltr'><strong>reru</strong></span> <span class='ocrx_word' id='word_1_746' title='bbox 1249 5680 1277 5728; x_wconf 88' lang='lat' dir='ltr'><strong>et</strong></span> <span class='ocrx_word' id='word_1_747' title='bbox 1295 5671 1468 5740; x_wconf 79' lang='lat' dir='ltr'><strong>Athanasius,</strong></span> <span class='ocrx_word' id='word_1_748' title='bbox 1488 5679 1517 5728; x_wconf 91' lang='lat' dir='ltr'><strong>et</strong></span> <span class='ocrx_word' id='word_1_749' title='bbox 1543 5670 1659 5743; x_wconf 85' lang='lat' dir='ltr'><strong>populus</strong></span> <span class='ocrx_word' id='word_1_750' title='bbox 1682 5678 1724 5724; x_wconf 90' lang='lat' dir='ltr'><strong>est</strong></span> <span class='ocrx_word' id='word_1_751' title='bbox 1741 5665 1866 5722; x_wconf 78' lang='lat' dir='ltr'><strong>turbatus.</strong></span> 
     </span>
     <span class='ocr_line' id='line_1_92' title="bbox 238 5758 1869 5849; baseline -0.009 -13"><span class='ocrx_word' id='word_1_752' title='bbox 238 5784 285 5836; x_wconf 81' lang='lat' dir='ltr'><strong>trra</strong></span> <span class='ocrx_word' id='word_1_753' title='bbox 312 5778 491 5837; x_wconf 76' lang='lat' dir='ltr'><strong>mansuetudo</strong></span> <span class='ocrx_word' id='word_1_754' title='bbox 520 5776 616 5849; x_wconf 86' lang='lat' dir='ltr'><strong>debet,</strong></span> <span class='ocrx_word' id='word_1_755' title='bbox 645 5783 745 5848; x_wconf 78' lang='lat' dir='ltr'><strong>quauta</strong></span> <span class='ocrx_word' id='word_1_756' title='bbox 756 5773 792 5832; x_wconf 91' lang='lat' dir='ltr'><strong>sit</strong></span> <span class='ocrx_word' id='word_1_757' title='bbox 815 5772 897 5831; x_wconf 88' lang='lat' dir='ltr'><strong>ruodo</strong></span> <span class='ocrx_word' id='word_1_758' title='bbox 915 5770 1032 5829; x_wconf 82' lang='lat' dir='ltr'><strong>tristitia¹</strong></span> <span class='ocrx_word' id='word_1_759' title='bbox 1080 5764 1664 5844; x_wconf 75' lang='lat' dir='ltr'><strong>cmoeqoenmerteoinperatortobedire</strong></span> <span class='ocrx_word' id='word_1_760' title='bbox 1673 5768 1781 5820; x_wconf 84' lang='lat' dir='ltr'><strong>cautum</strong></span> <span class='ocrx_word' id='word_1_761' title='bbox 1790 5758 1869 5821; x_wconf 68' lang='lat' dir='ltr'><strong>enci.</strong></span> 
     </span>
    </p>
   </div>
   <div class='ocr_carea' id='block_1_22' title="bbox 519 4330 746 4389">
    <p class='ocr_par' dir='ltr' id='par_1_27' title="bbox 519 4330 746 4389">
     <span class='ocr_line' id='line_1_93' title="bbox 519 4330 746 4389; baseline -0.009 0"><span class='ocrx_word' id='word_1_762' title='bbox 519 4330 634 4389; x_wconf 69' lang='lat' dir='ltr'>CAPUT</span> <span class='ocrx_word' id='word_1_763' title='bbox 653 4331 746 4387; x_wconf 74' lang='lat' dir='ltr'><strong>llxlil.</strong></span> 
     </span>
    </p>
   </div>
   <div class='ocr_carea' id='block_1_23' title="bbox 231 4425 1029 4552">
    <p class='ocr_par' dir='ltr' id='par_1_28' title="bbox 231 4425 1029 4552">
     <span class='ocr_line' id='line_1_94' title="bbox 231 4425 1029 4502; baseline -0.009 -16"><span class='ocrx_word' id='word_1_764' title='bbox 231 4429 351 4502; x_wconf 81' lang='lat' dir='ltr'><strong>Epistola</strong></span> <span class='ocrx_word' id='word_1_765' title='bbox 366 4429 539 4485; x_wconf 78' lang='lat' dir='ltr'><strong>Arirrrirtcntis</strong></span> <span class='ocrx_word' id='word_1_766' title='bbox 549 4428 650 4482; x_wconf 78' lang='lat' dir='ltr'><strong>coracilii</strong></span> <span class='ocrx_word' id='word_1_767' title='bbox 661 4427 696 4481; x_wconf 85' lang='lat' dir='ltr'><strong>od</strong></span> <span class='ocrx_word' id='word_1_768' title='bbox 707 4429 887 4499; x_wconf 83' lang='lat' dir='ltr'><strong>imperatorem</strong></span> <span class='ocrx_word' id='word_1_769' title='bbox 900 4425 1029 4481; x_wconf 82' lang='lat' dir='ltr'><strong>Constan-</strong></span> 
     </span>
     <span class='ocr_line' id='line_1_95' title="bbox 524 4499 743 4552; baseline 0 -2"><span class='ocrx_word' id='word_1_770' title='bbox 524 4500 588 4552; x_wconf 84' lang='lat' dir='ltr'><strong>tium</strong></span> <span class='ocrx_word' id='word_1_771' title='bbox 602 4499 743 4552; x_wconf 78' lang='lat' dir='ltr'><strong>destinato.</strong></span> 
     </span>
    </p>
   </div>
   <div class='ocr_carea' id='block_1_24' title="bbox 0 0 2040 6180">
    <p class='ocr_par' dir='ltr' id='par_1_29' title="bbox 0 0 2040 6180">
     <span class='ocr_line' id='line_1_96' title="bbox 0 0 2040 6180; baseline 0 0"><span class='ocrx_word' id='word_1_772' title='bbox 0 0 2040 6180; x_wconf 95' lang='lat' dir='ltr'><strong> </strong></span> 
     </span>
    </p>
   </div>
  </div>
 </body>
</html>
