4059 6184
207 254 216 308 ι
223 255 275 308 ott

202 458 277 523 dislt,
311 473 398 527 neque
424 458 492 512 alios
521 457 618 512 talibus
646 457 790 526 praebuisse
818 471 992 520 consensum

202 550 319 605 trraxinre
337 548 412 615 dom,
433 548 503 602 sicot
521 547 702 618 prraedixinms,
731 548 773 602 isti
795 548 855 617 ipsi,
881 547 926 616 qui
947 562 995 617 per

201 642 408 699 conventionem
418 640 566 697 declinasse
577 642 744 707 videbantur,
758 642 807 714 ipsi
818 640 906 697 denuo
917 649 994 695 uten-

201 746 241 794 tes
256 736 360 793 meliori
371 736 493 802 consilio,
509 735 567 793 brec
585 738 635 792 sibi
650 738 792 809 displicere
807 738 896 792 testati
920 746 993 792 sunt.

202 828 333 898 Perspicit
346 829 437 898 itaque
448 839 538 885 restra
550 829 694 885 salubritas
709 830 777 886 banc
796 830 882 886 solam
902 828 992 897 iidem,

198 940 258 996 qtae
272 922 366 979 Nicaeae
376 921 559 992 apostolorum
572 922 732 976 auctoritate
749 921 857 976 lundata
871 930 921 985 est,
934 935 993 986 esse

198 1024 329 1086 perpetua
349 1013 474 1068 llrmitate
496 1015 672 1078 sonandam
692 1023 720 1067 et
746 1013 826 1068 simol
845 1011 994 1069 orientales

198 1107 250 1162 boc
271 1105 361 1160 tacere
377 1103 516 1159 nobiseum
529 1103 575 1174 qui
597 1118 626 1158 se
643 1084 790 1159 e‘atbolicos
809 1118 868 1158 csse
892 1118 993 1171 cogno·

198 1205 286 1262 scrtnt,
297 1193 484 1253 occidentales
503 1195 585 1251 etiam
599 1195 717 1266 gloriari.
741 1195 882 1251 Credimus
902 1207 992 1251 autent

199 1292 356 1360 languentes
369 1289 396 1344 in
407 1288 459 1345 isto
469 1288 619 1352 conamine,
636 1302 689 1342 non
703 1286 779 1343 tardo
794 1302 810 1341 a
834 1297 926 1342 nostra
947 1302 992 1342 se·

199 1380 335 1451 parandos
345 1393 405 1435 esse
415 1377 616 1442 conmunione,
629 1385 657 1432 et
667 1377 700 1432 ab
710 1377 750 1433 eis
758 1378 931 1447 episcopatus
943 1393 993 1432 no·

200 1486 261 1525 oren
275 1466 385 1533 aulerci,
399 1476 532 1537 qnatenus
550 1467 641 1538 populi
654 1482 749 1523 eorum
770 1467 875 1523 liberati
900 1483 992 1522 errore

199 1561 340 1631 respirent.
356 1558 435 1615 Nullo
455 1558 527 1614 enirn
548 1557 663 1614 modoa
686 1557 844 1628 deceptione
864 1565 993 1629 poterunt

200 1653 335 1721 corrigere
348 1650 487 1722 populum,
501 1648 546 1719 oui
565 1648 731 1719 deceptionis
752 1648 849 1718 laqueo
868 1648 992 1703 detinen-
1042 1637 1150 1694 qu⁰¹¹¹¹⁰
1168 1621 1453 1679 ⁰⁰¹¹S⁰¹³³ffl⁰¹⁵⁸¹i¹²¹¹⁸
1470 1634 1568 1722 ΜΨ
1659 1709 1666 1721 ο
1802 1708 1808 1718 ,

1006 1721 1028 1780 Β
1043 1729 1102 1768 rum
1117 1714 1260 1785 episcopus
1271 1710 1389 1781 Agebus,
1404 1718 1593 1783 persecutione
1617 1708 1741 1773 lactente,
1757 1706 1831 1775 lugat.

199 1752 252 1799 tur.
263 1741 416 1799 Concordct
429 1741 509 1809 igitur
523 1755 584 1794 curn
598 1739 723 1794 omuibus
734 1739 781 1794 bei
793 1738 988 1803 sacerdotibus,

198 1833 279 1888 etiarn
292 1831 431 1889 ebaritatis
441 1841 537 1886 restrae
554 1830 737 1899 sententiale
750 1845 802 1900 qua
817 1845 865 1885 ros
880 1829 990 1884 stabiles

197 1940 229 1980 ae
244 1925 334 1979 lirmos
343 1922 459 1978 existere
467 1920 628 1988 judicamus.
642 1920 763 1989 sicergo
775 1920 857 1975 etiarn
875 1933 925 1976 uos
939 1934 989 1973 ro-

197 2018 299 2072 biscnrn
313 2022 384 2071 recte
394 2014 505 2071 credere
517 2013 656 2069 debemus.
672 2013 774 2068 tesan
788 2027 837 2066 nos
850 2010 990 2067 eharitatis

197 2107 329 2162 betilicate
340 2105 486 2174 reciprocis
494 2102 599 2160 litteris.
611 2103 715 2169 l'alete,
726 2100 988 2159 iratrescbarissirai.

93 2236 97 2245 -
198 2200 404 2265 Tarsonomrrus,
417 2197 461 2253 lib.
476 2215 505 2263 u,
519 2216 577 2270 cop.
588 2197 633 2262 ιι,
648 2215 675 2269 p.
692 2194 753 2251 lbi.

232 2288 285 2344 Sed
298 2298 326 2343 st
339 2288 470 2344 maximus
482 2286 643 2343 Athanasius
658 2286 685 2341 in
699 2285 812 2355 epistola
822 2299 904 2355 quam
924 2282 990 2339 scri·

197 2381 249 2451 psit
260 2380 291 2435 ad
301 2379 389 2448 Alros,
402 2379 491 2435 taliter
499 2379 533 2434 dc
543 2377 703 2435 Ariminensi
710 2378 824 2435 concilio
835 2377 988 2447 disputavit.

485 2577 601 2633 canor
620 2577 703 2633 xxx.

268 2691 310 2746 Es
324 2692 416 2747 titteris
431 2693 568 2748 Athanasii
578 2694 609 2746 da
623 2694 780 2748 Ariminensi
798 2695 917 2749 concilio.

233 2827 281 2883 llis
293 2827 383 2896 itaque
401 2825 526 2896 prolatis,
545 2826 605 2897 quis
618 2826 731 2896 recipiat
756 2843 804 2884 eos
826 2828 872 2898 qui
894 2827 992 2884 Arimi·

197 2934 280 2975 nense
291 2924 337 2973 aut
350 2917 423 2973 aliud
437 2917 580 2974 concilium
591 2927 689 2989 praeter
701 2918 836 2975 nicanum
851 2920 990 2976 nominare

196 3011 378 3083 praesumunt?
399 3010 453 3064 Aut
474 3009 539 3079 quis,
558 3025 611 3063 raon
633 3009 732 3066 babeat
750 2994 798 3066 eos
819 3011 926 3066 odiosos
943 3011 989 3081 noi

807 250 843 309 tt.
865 248 1004 306 Abntttt
1024 247 1225 306 casstottottt

203 368 278 431 tium,
291 366 335 437 goi
345 365 425 421 tantis
434 364 700 435 annisepiscopatum
712 363 996 419 inviolabilitercusto·
1010 367 1033 423 A

1606 338 1609 343 ‚
1765 254 1831 314 rans

1330 363 1443 421 curor
1463 364 1555 420 xxxa.

1047 495 1111 561 one
1137 499 1206 552 analo
1233 497 1400 554 Macedoniae
1419 500 1446 553 in
1465 497 1752 570 Constantinopolitano
1774 501 1834 556 arbe

1080 569 1246 636 concinent,
1274 579 1299 623 et
1318 571 1387 638 good
1410 569 1523 639 postbaec
1542 569 1679 639 operareris
1697 571 1833 641 inperato-

1080 655 1144 692 rein.

1080 795 1184 851 lterea
1215 794 1389 852 llacedonius
1413 796 1515 851 uicinas
1535 794 1834 867 Constantinopolitano

1045 889 1103 944 urbi
1116 889 1268 961 provincias
1287 889 1462 957 ciuitatesque
1485 887 1630 943 turbabat:
1645 888 1766 943 excitans
1785 889 1835 944 mi⁴

1045 982 1142 1035 nistros
1156 979 1257 1050 proprii
1271 978 1407 1048 languoris
1419 978 1548 1034 adversus
1558 977 1701 1042 Ecclesias,
1712 988 1740 1033 et
1750 978 1776 1033 in
1784 977 1833 1050 Cy—

1043 1074 1102 1129 zico
1113 1072 1221 1141 quidem
1235 1071 1369 1127 Eleosiunr
1384 1070 1446 1125 lecit
1458 1071 1625 1141 episcopum,
1641 1070 1667 1126 in
1684 1071 1844 1125 bicorncdia·

1043 1163 1251 1229 llnratbouium,
1269 1162 1315 1233 qui
1336 1163 1451 1232 primum
1471 1160 1599 1218 diaconus
1617 1160 1713 1226 luerat,
1734 1160 1834 1215 babens

1042 1254 1159 1309 studium
1174 1253 1353 1310 constituendi
1364 1251 1528 1309 monasteria
1543 1252 1661 1307 virorum
1678 1266 1711 1307 ae
1724 1251 1833 1306 lemino-

1042 1361 1113 1399 rom.
1125 1342 1149 1400 ls
1160 1345 1250 1414 itaque
1273 1344 1445 1399 Macedouius
1462 1343 1618 1414 episcopato
1631 1344 1744 1413 potitus,
1767 1340 1833 1395 alili·

1043 1437 1123 1507 gebat
1134 1452 1182 1493 eos
1194 1438 1239 1508 qni
1251 1436 1300 1506 ipsi
1315 1435 1471 1492 consentire
1485 1433 1633 1505 fugiebant,
1645 1443 1672 1487 et
1685 1449 1740 1487 non
1754 1435 1831 1503 271

1042 1529 1128 1585 solunt
1142 1528 1318 1595 orthodoxos,
1333 1526 1382 1584 scd
1394 1528 1474 1582 etiam
1485 1526 1649 1582 donatianos
1661 1544 1668 1581 :
1682 1526 1773 1582 scions
1786 1540 1832 1581 eos

1592 1619 1739 1688 suscipere.
1763 1616 1832 1684 Quo·

1042 1804 1153 1862 Plurimi
1176 1822 1241 1862 vero
1260 1806 1377 1876 insignes
1398 1805 1448 1859 riri
1469 1803 1580 1869 detenti,
1607 1802 1782 1873 nolentesque
1806 1800 1831 1856 ei

1041 1897 1251 1962 communicare,
1265 1895 1351 1967 puniti
1362 1903 1435 1951 sunt.
1448 1894 1497 1962 Qui
1512 1902 1574 1964 post
1586 1901 1720 1949 tormenta
1732 1890 1831 1947 violen-

1042 1997 1084 2043 ter
1095 1992 1313 2044 communlonem
1328 2004 1377 2044 ore
1387 2003 1437 2044 suo
1452 1986 1589 2057 suscipere
1601 1993 1629 2041 et
1644 1993 1739 2041 tenere
1758 1999 1831 2039 corn-

1042 2081 1219 2151 pcllcbantur.
1234 2079 1318 2149 ligno
1329 2094 1445 2151 natuque
1455 2094 1502 2134 ora
1517 2077 1654 2133 bominum
1669 2077 1829 2148 aperientes,
1885 2095 1890 2104 ·

1041 2173 1081 2228 eis
1091 2179 1258 2229 sacramenta
1272 2160 1453 2241 deponebant.
1469 2168 1553 2226 Porro
1562 2169 1690 2225 mulieres
1700 2176 1728 2223 et
1738 2181 1831 2239 parru-

1042 2248 1083 2318 los
1096 2261 1267 2331 arripientes,
1280 2261 1479 2316 communicare
1491 2259 1633 2328 cogebant.
1650 2256 1678 2312 st
1692 2257 1753 2326 quis
1769 2269 1830 2310 vcro

1042 2353 1250 2415 contradiceret,
1272 2366 1334 2407 mox
1350 2350 1443 2421 plaga,
1461 2349 1568 2406 vineola
1588 2356 1616 2404 et
1636 2355 1772 2403 tormenta
1792 2359 1831 2400 se·

1042 2444 1206 2514 anebontem
1222 2443 1258 2497 ita
1272 2450 1301 2497 ot
1314 2441 1396 2498 etiam
1405 2439 1562 2496 feminarum
1575 2438 1775 2495 communicare
1785 2450 1831 2491 no·

1042 2535 1154 2590 lentium
1170 2532 1301 2588 rnarnillas
1324 2532 1349 2587 in
1373 2545 1435 2588 arca
1456 2531 1675 2602 comprimentes,
1694 2527 1831 2584 abscinde·

1042 2634 1117 2690 rent;
1131 2624 1244 2680 aliarum
1264 2637 1328 2678 sero
1347 2632 1395 2679 aut
1416 2622 1499 2692 ferro,
1522 2632 1568 2678 aut
1595 2622 1653 2679 oris
1677 2619 1832 2676 ardentibus

1042 2715 1136 2773 eadern
1156 2717 1274 2772 membra
1292 2715 1490 2771 comburerent.
1503 2712 1579 2780 Quod
1592 2726 1643 2782 ego
1657 2710 1692 2767 ab
1711 2709 1832 2766 Ausonio

1042 2823 1117 2876 sene,
1132 2809 1177 2878 nui
1192 2809 1284 2864 eadem
1297 2807 1426 2878 supplicia
1440 2814 1481 2862 est
1493 2821 1598 2876 passus,
1619 2803 1721 2860 audini.
1737 2803 1833 2860 Sacar-

1043 2915 1102 2963 rus,
1125 2899 1169 2955 tit.
1190 2915 1219 2968 n,
1236 2915 1294 2972 rap.
1316 2898 1365 2965 ao;
1388 2899 1452 2952 edit.
1475 2896 1571 2953 Gbrin.
1596 2897 1684 2952 Voles.
1710 2895 1832 2971 capsa,

1042 3007 1103 3062 pag.
1119 2988 1179 3045 iil.

195 3110 326 3172 respuunt
338 3099 446 3171 quidem
459 3099 605 3155 constituta
621 3097 742 3169 Patrona,
752 3108 781 3157 ct
792 3116 823 3156 aa
833 3115 893 3170 qnae
903 3093 1026 3171 nuperC
1077 3100 1123 3157 llas
1137 3101 1218 3171 igitur
1234 3100 1380 3157 llacnlonii
1402 3098 1668 3171 prodbristianitate
1687 3108 1756 3155 ortae
1772 3110 1832 3154 sunt

195 3195 315 3249 Arimino
329 3191 498 3248 contentiose
512 3200 594 3262 atque
605 3191 738 3248 violenter
747 3193 895 3262 composita
916 3202 987 3259 sunt,

194 3284 371 3356 praeponunt?
385 3283 450 3351 Quis
462 3283 519 3338 istis
531 3283 707 3339 concordabit
723 3283 886 3349 horninibus,
901 3299 988 3355 tregue

194 3377 301 3448 propria
316 3374 523 3446 recipientibus?
536 3373 602 3429 Nam
615 3375 642 3430 io
652 3374 709 3433 sois
718 3374 813 3432 decern
824 3385 852 3432 et
863 3376 1003 3448 amplius,

193 3467 271 3522 sicuti
287 3464 405 3535 praelixi,
422 3463 544 3520 conciliis
558 3463 612 3519 alio
628 3471 751 3535 tempore
770 3464 844 3521 aliud
867 3466 988 3522 conseri-

194 3558 297 3622 bentes,
310 3553 528 3625 ntaniiastisunt,
549 3555 611 3626 quia
630 3556 734 3626 singola
754 3571 849 3612 eorum
860 3571 988 3612 accusare

194 3656 349 3707 noscuntur.
362 3645 396 3702 Et
405 3646 457 3701 boc
469 3645 607 3715 patiuntur
615 3645 687 3715 quod
698 3655 761 3701 tone
771 3645 855 3703 tudnt
868 3648 989 3720 prodito·

193 3756 236 3795 res
250 3739 369 3810 perpessi
386 3747 458 3793 sont.
473 3737 551 3803 Nam,
566 3738 636 3795 sicut
649 3737 687 3794 illi
701 3738 885 3808 relinquentes
900 3740 986 3796 solutu

194 3832 218 3885 ι’
219 3843 303 3886 antem
323 3845 398 3901 aaran
424 3828 540 3895 niventis,
564 3830 636 3884 torna
661 3830 763 3885 sibimet
789 3832 920 3902 foderant,
944 3833 988 3904 poi

192 3940 285 3993 aqrrorn
297 3922 427 3977 continere
441 3938 493 3977 naa
506 3929 613 3991 pascant
630 3921 695 3989 (ier.
711 3938 739 3989 tt,
753 3922 809 3994 ιδ),
829 3922 902 3995 quod
920 3925 988 3979 scri-

192 4025 267 4085 ptum
278 4022 319 4069 est
329 4012 399 4083 apud
411 4012 556 4070 terendam
574 4016 732 4087 prophetam
744 4033 751 4070 :
763 4017 802 4073 sic
815 4025 843 4073 et
858 4017 901 4071 isti
914 4018 986 4072 relu-

191 4111 296 4159 ctantes
310 4103 452 4159 universali
462 4105 588 4173 cottcilio,
599 4103 723 4160 loderunt
734 4106 784 4161 sibi
797 4107 882 4162 multa
894 4109 987 4163 conci·

193 4196 238 4259 lia,
253 4209 313 4265 φιτ
327 4193 397 4264 apud
410 4210 458 4250 eos
469 4194 558 4275 inania
571 4203 599 4251 et
610 4195 735 4251 virtutem
746 4211 799 4252 non
814 4198 914 4255 babere
929 4214 985 4253 ma-

193 4286 287 4342 nilesta
303 4296 376 4343 suut.
392 4286 450 4343 Non
470 4286 551 4356 igitur
564 4286 697 4356 patiamur
710 4302 757 4344 eos
771 4289 816 4357 qui
831 4298 930 4361 prater
947 4290 986 4345 bt·

191 4394 293 4434 canrrm
308 4376 476 4434 Ariurinense
497 4387 671 4449 presumunt,
686 4379 729 4434 rel
749 4380 822 4436 aliod
844 4382 985 4438 nominare

1041 3194 1171 3260 actiones,
1181 3192 1609 3265 credes,pugnm,sol'icitationes,
1618 3191 1831 3247 intestinabclla.

1041 3283 1164 3353 Quaeres
1179 3300 1232 3339 noa
1246 3284 1333 3339 solorn
1359 3283 1428 3354 apud
1449 3281 1562 3352 eosqui
1586 3281 1762 3347 lmdebarrtur,
1787 3280 1832 3336 snt

1040 3379 1121 3436 etiam
1136 3377 1205 3448 apud
1217 3376 1361 3433 familiares
1371 3377 1395 3431 ei
1408 3375 1499 3431 odium
1513 3375 1687 3429 vehementer
1697 3374 1832 3430 excitare·

1040 3479 1112 3527 runt.
1123 3467 1239 3525 Ollendit
1251 3480 1341 3524 autent
1355 3470 1435 3523 etiam
1450 3466 1535 3538 ipsunt
1546 3466 1749 3536 imperatorem,
1760 3473 1788 3520 et
1798 3465 1833 3519 ob

1039 3564 1093 3619 boc
1103 3571 1131 3617 et
1146 3578 1195 3633 pro
1206 3561 1258 3616 alia
1274 3559 1426 3630 bujusrnodi
1436 3573 1529 3614 causa.
1544 3557 1646 3613 bornus
1663 3558 1691 3613 in
1707 3563 1833 3629 quaerat

1039 3668 1100 3708 arca
1121 3651 1292 3708 Constantini
1318 3651 1445 3722 principis
1462 3664 1561 3719 corpus
1586 3649 1701 3715 babens,
1728 3650 1831 3704 ruinam

1039 3744 1206 3810 minabatur;
1225 3742 1340 3813 ideoque
1354 3742 1481 3797 custodes
1490 3743 1548 3811 eius
1562 3751 1590 3799 et
1606 3743 1651 3812 qni
1675 3741 1710 3796 ad
1734 3743 1833 3797 oratioe

1038 3850 1100 3891 nent
1114 3834 1252 3890 intrabant
1271 3841 1350 3890 erartt
1362 3833 1443 3904 positi
1465 3833 1515 3889 sub
1532 3834 1637 3889 timore.
1659 3831 1832 3889 llacedonius

1038 3940 1103 3995 ergo
1115 3926 1244 3994 cogitarit
1256 3926 1426 3996 imperatoris
1439 3939 1500 3980 ossa
1521 3922 1676 3988 transiens,
1690 3938 1727 3979 ne
1741 3937 1831 3978 arcam

1038 4016 1123 4072 ruinae
1141 4030 1220 4072 casus
1242 4013 1442 4085 comprimeret.
1461 4011 1519 4069 lloc
1540 4019 1720 4082 agnoscentes
1740 4010 1832 4085 populi

1038 4108 1226 4179 prohibebant,
1243 4106 1378 4172 dicentes,
1395 4121 1448 4161 non
1469 4113 1595 4177 oportere
1618 4104 1750 4176 principis
1771 4120 1831 4160 ossa

1037 4198 1155 4266 rrrigrari,
1170 4212 1204 4253 ne
1227 4197 1303 4266 anast
1322 4196 1439 4252 exorbiri
1453 4196 1505 4268 [ed.
1521 4194 1602 4252 Frab.
1616 4205 1642 4250 et
1652 4194 1731 4264 Nin,
1750 4211 1829 4252 erso-

1037 4286 1099 4360 piri]
1110 4289 1120 4359 l
1127 4289 1155 4343 id
1168 4299 1217 4352 art,
1232 4288 1385 4359 escpolcro
1406 4287 1501 4359 elladi)
1513 4288 1677 4343 viderenmr.
1693 4287 1738 4344 Ob
1750 4303 1829 4357 ortana

1038 4396 1094 4436 rent
1110 4382 1136 4436 in
1150 4381 1216 4437 duas
1227 4389 1319 4453 partes
1330 4382 1443 4453 populos
1456 4388 1498 4436 est
1510 4380 1611 4437 divisus
1622 4400 1629 4436 :
1641 4380 1703 4437 aliis
1716 4381 1830 4436 dicenti-

191 4469 352 4533 conciliuna;
374 4486 435 4526 oum
449 4477 478 4526 ct
501 4470 551 4541 ipsi
570 4471 617 4539 qui
638 4471 806 4528 Ariarinense
823 4472 981 4544 suscipiunt,
998 4466 1087 4527 Dbus
1101 4471 1200 4527 nullam
1212 4486 1272 4527 esse
1282 4472 1396 4542 migrato
1407 4484 1513 4526 mortno
1524 4470 1670 4535 lesionem,
1686 4471 1748 4527 aliis
1762 4482 1830 4525 asse·

191 4561 329 4628 ignorasse
339 4574 398 4629 qum
416 4561 442 4615 in
463 4576 496 4616 eo
510 4570 585 4630 gesta
607 4571 671 4617 sunt
687 4572 849 4628 noscantur;
862 4580 926 4620 narn
944 4576 985 4619 ta-

190 4666 252 4706 cete
267 4657 417 4720 potuerant.
440 4650 528 4707 Nostis
541 4652 622 4716 eninr,
640 4654 798 4721 charissimi,
819 4669 985 4725 cognoscen-

191 4756 233 4801 tes
246 4751 272 4797 et
286 4756 361 4796 rosa
377 4742 482 4805 restris,
498 4743 543 4811 qui
567 4751 631 4800 tunc
652 4745 831 4802 interfuerunt
850 4746 981 4814 Arimino,

189 4834 316 4903 quoniam
333 4832 457 4890 Ursacius
469 4843 496 4890 et
510 4833 618 4900 Valens,
634 4834 770 4893 Eudoxias
782 4844 809 4892 ct
823 4838 981 4902 Aesontius,

189 4923 322 4992 sirnnlque
333 4923 505 4994 Demophilus
515 4923 684 4982 condemnati
692 4927 896 4993 sunt,·rolentes
909 4929 981 4997 alind

185 5029 270 5083 quatu
281 5013 353 5082 quod
368 5021 497 5070 statutum
512 5022 553 5070 cst
567 5014 661 5072 Nicaeae
673 5018 844 5073 conscribere
856 5034 863 5071 a
874 5018 983 5089 quando

185 5105 321 5175 compulsi
334 5105 561 5162 anathematizare
576 5105 702 5162 Arianam
726 5107 849 5162 baeresim
869 5123 981 5179 respue·

187 5204 259 5262 runt,
270 5196 313 5252 cui
323 5196 413 5266 potius
420 5196 581 5266 patrocinari
590 5195 680 5251 conati
689 5203 762 5250 sont.
772 5193 979 5267 Episcopivero,

142 5294 145 5299 ‘
188 5300 252 5341 rere
263 5285 358 5354 integri
371 5285 477 5340 bomini
491 5285 571 5351 sarri,
588 5293 715 5355 recteque
738 5286 890 5352 credentes,
910 5301 979 5357 peno

187 5374 295 5430 ducenti
309 5375 654 5443 conscripseruntsntttcere
664 5374 797 5431 Nicaenam
810 5377 979 5434 solummodo

188 5465 278 5530 tidem,
293 5474 321 5521 ct
336 5466 401 5521 nibil
421 5466 535 5536 amplios
548 5466 668 5535 ninilque
689 5468 777 5523 minus
789 5478 887 5538 prater
906 5469 979 5525 illam

187 5568 308 5621 quaerere
322 5555 401 5621 velte,
414 5569 575 5624 seusapere.
588 5554 651 5611 llaec
663 5557 735 5612 enirn
749 5559 830 5614 etiarn
844 5559 979 5618 Constan-

188 5644 226 5696 tio
238 5643 466 5711 significaverunt,
481 5646 526 5713 qui
539 5646 656 5714 jusserat
677 5649 808 5706 celebrari
822 5652 975 5708 concilium.

189 5730 392 5804 Tusooonsras,
408 5733 453 5790 tto.
464 5751 497 5808 -n,
513 5754 570 5792 cao.
585 5736 630 5805 ιδ,
642 5756 669 5807 p.
686 5737 744 5795 lbi.

1036 4562 1156 4619 rentibus
1166 4577 1225 4619 esse
1237 4562 1320 4626 nelis,
1332 4577 1394 4618 curn
1403 4562 1498 4631 quibus
1508 4561 1589 4617 etiarn
1603 4571 1680 4618 erant
1695 4563 1828 4619 bonronsii

1036 4653 1202 4710 defensores.
1221 4653 1392 4709 blacedonius
1414 4664 1503 4708 autcnr
1526 4653 1726 4724 parvipendens
1747 4657 1827 4712 rerba

1035 4743 1288 4801 contradicentium.
1305 4744 1438 4798 transtulit
1449 4759 1547 4813 corpus
1561 4745 1734 4814 inperatoris
1744 4747 1771 4800 in
1782 4761 1828 4801 ee·

1035 4834 1143 4890 clesiatn
1157 4834 1201 4890 nbi
1216 4850 1314 4905 corpus
1325 4833 1400 4902 jacet
1414 4836 1538 4907 martyris
1559 4835 1659 4891 Aeacii.
1670 4836 1732 4902 Quo
1747 4838 1826 4899 tacto,

1035 4942 1183 4982 concursus
1197 4924 1405 4983 discordantium
1425 4926 1586 4996 populorum
1604 4926 1637 4980 ad
1659 4926 1734 4982 illam
1753 4928 1828 4981 venit

1033 5016 1183 5081 eeclesiam,
1199 5024 1227 5071 et
1241 5016 1275 5071 ad
1290 5030 1385 5071 manus
1398 5029 1482 5085 usque
1498 5026 1655 5086 perventum
1669 5024 1731 5083 est;
1746 5017 1783 5072 ita
1798 5023 1827 5071 nt

1033 5108 1108 5162 tnulti
1122 5107 1259 5164 bominum
1277 5116 1455 5170 morerentur,
1474 5115 1502 5162 et
1522 5108 1680 5163 vestibulum
1703 5108 1827 5165 ccclesiae

1033 5213 1066 5253 ac
1077 5197 1163 5253 vicina
1178 5198 1299 5268 porticos
1312 5198 1442 5268 sanguine
1454 5197 1642 5267 compleretur.
1658 5197 1717 5253 lloe
1739 5211 1824 5267 agno·

1033 5302 1111 5342 scens
1135 5287 1291 5355 imperator,
1313 5286 1437 5343 irascitur
1460 5294 1553 5341 contra
1576 5287 1773 5351 llaccdoniurn,
1798 5294 1825 5341 et

1032 5386 1143 5449 propter
1152 5393 1200 5432 eos
1209 5378 1255 5447 qui
1267 5378 1363 5433 mortui
1376 5385 1485 5444 sunt,et
1495 5378 1556 5448 quia
1566 5394 1663 5448 corpus
1671 5378 1758 5448 patris
1765 5377 1824 5446 ejus

1033 5468 1134 5536 amque
1145 5467 1228 5538 ipsius
1239 5468 1352 5524 consilio
1363 5469 1491 5537 migrasse
1509 5467 1716 5538 praesumpserit.
1732 5466 1823 5521 Relin-

1032 5578 1118 5634 quens
1130 5576 1194 5630 ergo
1207 5562 1412 5631 gubernatorem
1427 5563 1614 5632 llespcriarum
1634 5562 1748 5631 partium
1762 5560 1821 5614 Cn·

1031 5668 1118 5711 sarem
1133 5652 1277 5718 lulianum,
1292 5653 1349 5724 ipse
1360 5655 1487 5724 pergebat
1508 5653 1540 5707 ad
1562 5652 1706 5707 Orientem.
1720 5651 1821 5708 Soona-

1032 5759 1090 5813 rss‚
1104 5742 1207 5808 ibidem,
1224 5751 1249 5797 et
1262 5741 1410 5814 Sozousa,
1427 5761 1484 5816 rap.
1500 5742 1546 5810 ιιι,
1560 5742 1622 5808 edit.
1637 5739 1735 5798 illiciat.

1984 5818 1986 5861 l

1984 5876 1985 5901 ι

1984 5924 1985 5971 i
