<?xml version="1.0" encoding="UTF-8"?>
<!DOCTYPE html PUBLIC "-//W3C//DTD XHTML 1.0 Transitional//EN"
    "http://www.w3.org/TR/xhtml1/DTD/xhtml1-transitional.dtd">
<html xmlns="http://www.w3.org/1999/xhtml" xml:lang="en" lang="en">
 <head>
  <title>
</title>
<meta http-equiv="Content-Type" content="text/html;charset=utf-8" />
  <meta name='ocr-system' content='tesseract 3.04.00' />
  <meta name='ocr-capabilities' content='ocr_page ocr_carea ocr_par ocr_line ocrx_word'/>
</head>
<body>
  <div class='ocr_page' id='page_1' title='image "./patrologiaecurs144unkngoog_0028.png"; bbox 0 0 4059 6184; ppageno 0'>
   <div class='ocr_carea' id='block_1_1' title="bbox 202 252 1837 462">
    <p class='ocr_par' dir='ltr' id='par_1_1' title="bbox 202 252 1837 462">
     <span class='ocr_line' id='line_1_1' title="bbox 202 252 1835 334; baseline -0.01 -12"><span class='ocrx_word' id='word_1_1' title='bbox 202 279 241 334; x_wconf 76' lang='lat' dir='ltr'><strong>gp</strong></span> <span class='ocrx_word' id='word_1_2' title='bbox 799 261 977 320; x_wconf 64' lang='lat' dir='ltr'><strong>belsiblass</strong></span> <span class='ocrx_word' id='word_1_3' title='bbox 997 261 1039 318; x_wconf 82' lang='lat' dir='ltr'><strong>ET</strong></span> <span class='ocrx_word' id='word_1_4' title='bbox 1061 256 1226 316; x_wconf 78' lang='lat' dir='ltr'><strong>ouantes.</strong></span> <span class='ocrx_word' id='word_1_5' title='bbox 1800 252 1835 307; x_wconf 73' lang='lat' dir='ltr'><strong>eo</strong></span> 
     </span>
     <span class='ocr_line' id='line_1_2' title="bbox 202 363 1837 462; baseline -0.017 -17"><span class='ocrx_word' id='word_1_6' title='bbox 202 388 289 462; x_wconf 84' lang='lat' dir='ltr'><strong>quiin</strong></span> <span class='ocrx_word' id='word_1_7' title='bbox 304 384 435 441; x_wconf 81' lang='lat' dir='ltr'><strong>uniuersis</strong></span> <span class='ocrx_word' id='word_1_8' title='bbox 449 382 571 453; x_wconf 80' lang='lat' dir='ltr'><strong>epistolis</strong></span> <span class='ocrx_word' id='word_1_9' title='bbox 583 380 639 437; x_wconf 87' lang='lat' dir='ltr'><strong>suis</strong></span> <span class='ocrx_word' id='word_1_10' title='bbox 651 387 679 436; x_wconf 90' lang='lat' dir='ltr'><strong>et</strong></span> <span class='ocrx_word' id='word_1_11' title='bbox 689 377 854 444; x_wconf 78' lang='lat' dir='ltr'>Nestorium,</span> <span class='ocrx_word' id='word_1_12' title='bbox 867 382 894 431; x_wconf 94' lang='lat' dir='ltr'><strong>et</strong></span> <span class='ocrx_word' id='word_1_13' title='bbox 906 373 990 445; x_wconf 81' lang='lat' dir='ltr'><strong>Euty·</strong></span> <span class='ocrx_word' id='word_1_14' title='bbox 1005 376 1032 436; x_wconf 77' lang='grc' dir='ltr'>Α</span> <span class='ocrx_word' id='word_1_15' title='bbox 1046 379 1127 441; x_wconf 87' lang='lat' dir='ltr'><strong>atque</strong></span> <span class='ocrx_word' id='word_1_16' title='bbox 1138 368 1287 439; x_wconf 89' lang='lat' dir='ltr'><strong>irreligioso</strong></span> <span class='ocrx_word' id='word_1_17' title='bbox 1299 367 1408 434; x_wconf 87' lang='lat' dir='ltr'><strong>lecistis,</strong></span> <span class='ocrx_word' id='word_1_18' title='bbox 1419 382 1468 423; x_wconf 87' lang='lat' dir='ltr'><strong>ros</strong></span> <span class='ocrx_word' id='word_1_19' title='bbox 1480 366 1544 421; x_wconf 90' lang='lat' dir='ltr'><strong>olim</strong></span> <span class='ocrx_word' id='word_1_20' title='bbox 1555 366 1649 436; x_wconf 80' lang='lat' dir='ltr'><strong>dignos</strong></span> <span class='ocrx_word' id='word_1_21' title='bbox 1663 363 1837 419; x_wconf 82' lang='lat' dir='ltr'><strong>damnatione</strong></span> 
     </span>
    </p>
   </div>
   <div class='ocr_carea' id='block_1_2' title="bbox 203 465 998 1725">
    <p class='ocr_par' dir='ltr' id='par_1_2' title="bbox 203 465 998 1725">
     <span class='ocr_line' id='line_1_3' title="bbox 203 465 991 547; baseline -0.024 -9"><span class='ocrx_word' id='word_1_22' title='bbox 203 483 284 547; x_wconf 87' lang='lat' dir='ltr'><strong>eben,</strong></span> <span class='ocrx_word' id='word_1_23' title='bbox 299 479 343 533; x_wconf 84' lang='lat' dir='ltr'><strong>rel</strong></span> <span class='ocrx_word' id='word_1_24' title='bbox 353 478 393 533; x_wconf 89' lang='lat' dir='ltr'><strong>cis</strong></span> <span class='ocrx_word' id='word_1_25' title='bbox 411 475 506 534; x_wconf 76' lang='lat' dir='ltr'><strong>similia</strong></span> <span class='ocrx_word' id='word_1_26' title='bbox 521 472 670 544; x_wconf 86' lang='lat' dir='ltr'><strong>sapientes,</strong></span> <span class='ocrx_word' id='word_1_27' title='bbox 680 470 739 541; x_wconf 89' lang='lat' dir='ltr'><strong>pari</strong></span> <span class='ocrx_word' id='word_1_28' title='bbox 751 468 848 539; x_wconf 86' lang='lat' dir='ltr'><strong>legitor</strong></span> <span class='ocrx_word' id='word_1_29' title='bbox 859 465 991 523; x_wconf 88' lang='lat' dir='ltr'><strong>sententia</strong></span> 
     </span>
     <span class='ocr_line' id='line_1_4' title="bbox 204 557 992 637; baseline -0.019 -12"><span class='ocrx_word' id='word_1_30' title='bbox 204 569 409 627; x_wconf 79' lang='lat' dir='ltr'><strong>condemnasse.</strong></span> <span class='ocrx_word' id='word_1_31' title='bbox 424 565 453 620; x_wconf 94' lang='lat' dir='ltr'><strong>ln</strong></span> <span class='ocrx_word' id='word_1_32' title='bbox 467 579 521 637; x_wconf 87' lang='lat' dir='ltr'><strong>quo</strong></span> <span class='ocrx_word' id='word_1_33' title='bbox 536 568 688 619; x_wconf 87' lang='lat' dir='ltr'><strong>memorato</strong></span> <span class='ocrx_word' id='word_1_34' title='bbox 700 559 811 631; x_wconf 88' lang='lat' dir='ltr'><strong>scripto,</strong></span> <span class='ocrx_word' id='word_1_35' title='bbox 828 557 910 613; x_wconf 90' lang='lat' dir='ltr'><strong>etiam</strong></span> <span class='ocrx_word' id='word_1_36' title='bbox 925 571 992 611; x_wconf 91' lang='lat' dir='ltr'><strong>enu-</strong></span> 
     </span>
     <span class='ocr_line' id='line_1_5' title="bbox 206 647 992 729; baseline -0.019 -14"><span class='ocrx_word' id='word_1_37' title='bbox 206 672 247 716; x_wconf 90' lang='lat' dir='ltr'><strong>tra</strong></span> <span class='ocrx_word' id='word_1_38' title='bbox 261 659 365 715; x_wconf 84' lang='lat' dir='ltr'><strong>diuinas</strong></span> <span class='ocrx_word' id='word_1_39' title='bbox 376 657 540 729; x_wconf 85' lang='lat' dir='ltr'><strong>Scripturas,</strong></span> <span class='ocrx_word' id='word_1_40' title='bbox 550 671 605 711; x_wconf 94' lang='lat' dir='ltr'><strong>non</strong></span> <span class='ocrx_word' id='word_1_41' title='bbox 615 651 703 711; x_wconf 89' lang='lat' dir='ltr'><strong>solum</strong></span> <span class='ocrx_word' id='word_1_42' title='bbox 713 647 992 722; x_wconf 77' lang='lat' dir='ltr'><strong>pontificibusmultis,</strong></span> 
     </span>
     <span class='ocr_line' id='line_1_6' title="bbox 204 735 994 819; baseline -0.022 -13"><span class='ocrx_word' id='word_1_43' title='bbox 204 749 345 806; x_wconf 89' lang='lat' dir='ltr'><strong>sedetiam</strong></span> <span class='ocrx_word' id='word_1_44' title='bbox 360 745 444 819; x_wconf 88' lang='lat' dir='ltr'><strong>(quod</strong></span> <span class='ocrx_word' id='word_1_45' title='bbox 457 745 509 802; x_wconf 92' lang='lat' dir='ltr'><strong>dici</strong></span> <span class='ocrx_word' id='word_1_46' title='bbox 522 743 598 800; x_wconf 78' lang='lat' dir='ltr'><strong>netas</strong></span> <span class='ocrx_word' id='word_1_47' title='bbox 610 741 668 815; x_wconf 86' lang='lat' dir='ltr'><strong>est)</strong></span> <span class='ocrx_word' id='word_1_48' title='bbox 684 742 733 812; x_wconf 90' lang='lat' dir='ltr'><strong>ipsi</strong></span> <span class='ocrx_word' id='word_1_49' title='bbox 757 754 866 810; x_wconf 91' lang='lat' dir='ltr'><strong>quoque</strong></span> <span class='ocrx_word' id='word_1_50' title='bbox 879 735 994 807; x_wconf 81' lang='lat' dir='ltr'><strong>principi</strong></span> 
     </span>
     <span class='ocr_line' id='line_1_7' title="bbox 204 832 993 908; baseline -0.02 -12"><span class='ocrx_word' id='word_1_51' title='bbox 204 839 349 908; x_wconf 85' lang='lat' dir='ltr'><strong>sacrilegas</strong></span> <span class='ocrx_word' id='word_1_52' title='bbox 376 835 486 906; x_wconf 82' lang='lat' dir='ltr'><strong>injirrias</strong></span> <span class='ocrx_word' id='word_1_53' title='bbox 513 835 633 904; x_wconf 88' lang='lat' dir='ltr'><strong>irrogare</strong></span> <span class='ocrx_word' id='word_1_54' title='bbox 660 832 795 896; x_wconf 73' lang='lat' dir='ltr'><strong>tentastis,</strong></span> <span class='ocrx_word' id='word_1_55' title='bbox 823 836 956 901; x_wconf 89' lang='lat' dir='ltr'><strong>quatenus</strong></span> <span class='ocrx_word' id='word_1_56' title='bbox 980 836 993 863; x_wconf 72' lang='lat'>⁸</span> 
     </span>
     <span class='ocr_line' id='line_1_8' title="bbox 205 916 995 1000; baseline -0.02 -14"><span class='ocrx_word' id='word_1_57' title='bbox 205 931 374 1000; x_wconf 87' lang='lat' dir='ltr'><strong>ignorantem</strong></span> <span class='ocrx_word' id='word_1_58' title='bbox 388 923 571 983; x_wconf 87' lang='lat' dir='ltr'><strong>Christianum</strong></span> <span class='ocrx_word' id='word_1_59' title='bbox 593 922 721 995; x_wconf 90' lang='lat' dir='ltr'><strong>populum</strong></span> <span class='ocrx_word' id='word_1_60' title='bbox 736 919 868 976; x_wconf 91' lang='lat' dir='ltr'><strong>diabolica</strong></span> <span class='ocrx_word' id='word_1_61' title='bbox 881 916 995 988; x_wconf 88' lang='lat' dir='ltr'><strong>amplius</strong></span> 
     </span>
     <span class='ocr_line' id='line_1_9' title="bbox 205 1007 995 1092; baseline -0.023 -13"><span class='ocrx_word' id='word_1_62' title='bbox 205 1021 369 1092; x_wconf 74' lang='lat' dir='ltr'><strong>deciperetis</strong></span> <span class='ocrx_word' id='word_1_63' title='bbox 381 1018 490 1075; x_wconf 85' lang='lat' dir='ltr'><strong>astutia.</strong></span> <span class='ocrx_word' id='word_1_64' title='bbox 500 1015 565 1072; x_wconf 78' lang='lat' dir='ltr'><strong>Hac</strong></span> <span class='ocrx_word' id='word_1_65' title='bbox 578 1027 643 1083; x_wconf 85' lang='lat' dir='ltr'><strong>ergo</strong></span> <span class='ocrx_word' id='word_1_66' title='bbox 653 1012 840 1069; x_wconf 84' lang='lat' dir='ltr'><strong>lsustinentes</strong></span> <span class='ocrx_word' id='word_1_67' title='bbox 853 1007 995 1081; x_wconf 90' lang='lat' dir='ltr'><strong>permulta</strong></span> 
     </span>
     <span class='ocr_line' id='line_1_10' title="bbox 206 1100 997 1183; baseline -0.019 -14"><span class='ocrx_word' id='word_1_68' title='bbox 206 1100 997 1183; x_wconf 72' lang='lat' dir='ltr'><strong>temporiespatia³,paticntiasaoerdotaliresecamdistuli·</strong></span> 
     </span>
     <span class='ocr_line' id='line_1_11' title="bbox 205 1188 996 1269; baseline -0.016 -13"><span class='ocrx_word' id='word_1_69' title='bbox 205 1218 277 1268; x_wconf 80' lang='lat' dir='ltr'><strong>mus,</strong></span> <span class='ocrx_word' id='word_1_70' title='bbox 284 1200 425 1257; x_wconf 88' lang='lat' dir='ltr'><strong>credentes</strong></span> <span class='ocrx_word' id='word_1_71' title='bbox 433 1198 598 1255; x_wconf 84' lang='lat' dir='ltr'><strong>rosiorsitan</strong></span> <span class='ocrx_word' id='word_1_72' title='bbox 606 1195 726 1267; x_wconf 89' lang='lat' dir='ltr'><strong>resipisci</strong></span> <span class='ocrx_word' id='word_1_73' title='bbox 733 1193 811 1269; x_wconf 68' lang='lat' dir='ltr'><strong>[farte</strong></span> <span class='ocrx_word' id='word_1_74' title='bbox 817 1188 996 1262; x_wconf 70' lang='lat' dir='ltr'><strong>resipisceret,</strong></span> 
     </span>
     <span class='ocr_line' id='line_1_12' title="bbox 206 1280 998 1360; baseline -0.018 -13"><span class='ocrx_word' id='word_1_75' title='bbox 206 1301 234 1347; x_wconf 85' lang='lat' dir='ltr'><strong>et</strong></span> <span class='ocrx_word' id='word_1_76' title='bbox 242 1293 276 1347; x_wconf 88' lang='lat' dir='ltr'><strong>ab</strong></span> <span class='ocrx_word' id='word_1_77' title='bbox 286 1291 386 1347; x_wconf 83' lang='lat' dir='ltr'><strong>illicitis</strong></span> <span class='ocrx_word' id='word_1_78' title='bbox 395 1297 556 1360; x_wconf 88' lang='lat' dir='ltr'><strong>temperare.</strong></span> <span class='ocrx_word' id='word_1_79' title='bbox 565 1286 688 1356; x_wconf 88' lang='lat' dir='ltr'><strong>Sedquia</strong></span> <span class='ocrx_word' id='word_1_80' title='bbox 702 1283 784 1342; x_wconf 89' lang='lat' dir='ltr'><strong>semel</strong></span> <span class='ocrx_word' id='word_1_81' title='bbox 796 1281 945 1339; x_wconf 89' lang='lat' dir='ltr'><strong>etsecuodu</strong></span> <span class='ocrx_word' id='word_1_82' title='bbox 953 1280 998 1334; x_wconf 90' lang='lat' dir='ltr'><strong>ad·</strong></span> 
     </span>
     <span class='ocr_line' id='line_1_13' title="bbox 205 1372 995 1450; baseline -0.014 -13"><span class='ocrx_word' id='word_1_83' title='bbox 205 1382 462 1438; x_wconf 80' lang='lat' dir='ltr'><strong>hortatioiienostra</strong></span> <span class='ocrx_word' id='word_1_84' title='bbox 470 1394 518 1450; x_wconf 87' lang='lat' dir='ltr'><strong>per</strong></span> <span class='ocrx_word' id='word_1_85' title='bbox 525 1377 623 1433; x_wconf 84' lang='lat' dir='ltr'><strong>iratres</strong></span> <span class='ocrx_word' id='word_1_86' title='bbox 634 1384 741 1432; x_wconf 88' lang='lat' dir='ltr'><strong>nostros</strong></span> <span class='ocrx_word' id='word_1_87' title='bbox 749 1375 901 1446; x_wconf 89' lang='lat' dir='ltr'><strong>episcopus,</strong></span> <span class='ocrx_word' id='word_1_88' title='bbox 910 1372 936 1428; x_wconf 88' lang='lat' dir='ltr'><strong>iil</strong></span> <span class='ocrx_word' id='word_1_89' title='bbox 944 1379 995 1436; x_wconf 90' lang='lat' dir='ltr'><strong>est,</strong></span> 
     </span>
     <span class='ocr_line' id='line_1_14' title="bbox 207 1464 998 1537; baseline -0.013 -9"><span class='ocrx_word' id='word_1_90' title='bbox 207 1472 343 1529; x_wconf 78' lang='lat' dir='ltr'><strong>loannem</strong></span> <span class='ocrx_word' id='word_1_91' title='bbox 367 1471 555 1537; x_wconf 76' lang='lat' dir='ltr'><strong>blarstcmum,</strong></span> <span class='ocrx_word' id='word_1_92' title='bbox 566 1479 595 1526; x_wconf 89' lang='lat' dir='ltr'><strong>et</strong></span> <span class='ocrx_word' id='word_1_93' title='bbox 606 1468 741 1525; x_wconf 78' lang='lat' dir='ltr'><strong>lulianum</strong></span> <span class='ocrx_word' id='word_1_94' title='bbox 755 1466 941 1537; x_wconf 76' lang='lat' dir='ltr'><strong>cingulanum,</strong></span> <span class='ocrx_word' id='word_1_95' title='bbox 954 1464 998 1520; x_wconf 86' lang='lat' dir='ltr'><strong>rel</strong></span> 
     </span>
     <span class='ocr_line' id='line_1_15' title="bbox 207 1556 996 1633; baseline -0.013 -14"><span class='ocrx_word' id='word_1_96' title='bbox 207 1563 338 1633; x_wconf 86' lang='lat' dir='ltr'><strong>Sapatum</strong></span> <span class='ocrx_word' id='word_1_97' title='bbox 354 1560 437 1617; x_wconf 85' lang='lat' dir='ltr'><strong>lilium</strong></span> <span class='ocrx_word' id='word_1_98' title='bbox 452 1568 572 1616; x_wconf 88' lang='lat' dir='ltr'><strong>nostruin</strong></span> <span class='ocrx_word' id='word_1_99' title='bbox 583 1566 665 1629; x_wconf 90' lang='lat' dir='ltr'><strong>atquc</strong></span> <span class='ocrx_word' id='word_1_100' title='bbox 679 1559 822 1614; x_wconf 88' lang='lat' dir='ltr'><strong>diaconum</strong></span> <span class='ocrx_word' id='word_1_101' title='bbox 835 1556 867 1625; x_wconf 72' lang='lat'><strong>⁶,</strong></span> <span class='ocrx_word' id='word_1_102' title='bbox 881 1570 996 1611; x_wconf 91' lang='lat' dir='ltr'><strong>necnon</strong></span> 
     </span>
     <span class='ocr_line' id='line_1_16' title="bbox 207 1645 998 1725; baseline -0.013 -16"><span class='ocrx_word' id='word_1_103' title='bbox 207 1660 237 1709; x_wconf 87' lang='lat' dir='ltr'><strong>ct</strong></span> <span class='ocrx_word' id='word_1_104' title='bbox 254 1668 304 1725; x_wconf 87' lang='lat' dir='ltr'><strong>per</strong></span> <span class='ocrx_word' id='word_1_105' title='bbox 316 1652 464 1723; x_wconf 86' lang='lat' dir='ltr'><strong>gloriosum</strong></span> <span class='ocrx_word' id='word_1_106' title='bbox 478 1649 565 1705; x_wconf 88' lang='lat' dir='ltr'><strong>virum</strong></span> <span class='ocrx_word' id='word_1_107' title='bbox 584 1649 728 1719; x_wconf 88' lang='lat' dir='ltr'><strong>patricium</strong></span> <span class='ocrx_word' id='word_1_108' title='bbox 739 1645 897 1715; x_wconf 79' lang='lat' dir='ltr'><strong>Cethegum,</strong></span> <span class='ocrx_word' id='word_1_109' title='bbox 913 1652 941 1700; x_wconf 91' lang='lat' dir='ltr'><strong>et</strong></span> <span class='ocrx_word' id='word_1_110' title='bbox 954 1659 998 1699; x_wconf 93' lang='lat' dir='ltr'><strong>re-</strong></span> 
     </span>
    </p>
   </div>
   <div class='ocr_carea' id='block_1_3' title="bbox 1046 455 1882 1713">
    <p class='ocr_par' dir='ltr' id='par_1_3' title="bbox 1046 455 1882 1713">
     <span class='ocr_line' id='line_1_17' title="bbox 1046 455 1835 532; baseline -0.009 -15"><span class='ocrx_word' id='word_1_111' title='bbox 1046 462 1169 532; x_wconf 71' lang='grc' dir='ltr'>ιιιιιιιιὶ</span> <span class='ocrx_word' id='word_1_112' title='bbox 1184 459 1343 516; x_wconf 88' lang='lat' dir='ltr'><strong>auctoritate</strong></span> <span class='ocrx_word' id='word_1_113' title='bbox 1358 458 1527 529; x_wconf 78' lang='lat' dir='ltr'><strong>deponimus</strong></span> <span class='ocrx_word' id='word_1_114' title='bbox 1543 456 1577 520; x_wconf 83' lang='lat' dir='ltr'><strong>Et</strong></span> <span class='ocrx_word' id='word_1_115' title='bbox 1603 466 1632 513; x_wconf 90' lang='lat' dir='ltr'><strong>ut</strong></span> <span class='ocrx_word' id='word_1_116' title='bbox 1647 455 1764 512; x_wconf 86' lang='lat' dir='ltr'><strong>universi</strong></span> <span class='ocrx_word' id='word_1_117' title='bbox 1784 471 1835 510; x_wconf 85' lang='lat' dir='ltr'><strong>nus</strong></span> 
     </span>
     <span class='ocr_line' id='line_1_18' title="bbox 1046 533 1882 622; baseline -0.006 -15"><span class='ocrx_word' id='word_1_118' title='bbox 1046 553 1103 608; x_wconf 77' lang='lat' dir='ltr'><strong>liter</strong></span> <span class='ocrx_word' id='word_1_119' title='bbox 1115 567 1163 622; x_wconf 89' lang='lat' dir='ltr'><strong>pro</strong></span> <span class='ocrx_word' id='word_1_120' title='bbox 1178 550 1238 605; x_wconf 90' lang='lat' dir='ltr'><strong>loco</strong></span> <span class='ocrx_word' id='word_1_121' title='bbox 1251 549 1278 604; x_wconf 92' lang='lat' dir='ltr'><strong>in</strong></span> <span class='ocrx_word' id='word_1_122' title='bbox 1292 564 1346 620; x_wconf 92' lang='lat' dir='ltr'><strong>quo</strong></span> <span class='ocrx_word' id='word_1_123' title='bbox 1358 562 1408 603; x_wconf 91' lang='lat' dir='ltr'><strong>nos</strong></span> <span class='ocrx_word' id='word_1_124' title='bbox 1422 533 1680 612; x_wconf 69' lang='lat' dir='ltr'><strong>diaecesanum,</strong></span> <span class='ocrx_word' id='word_1_125' title='bbox 1697 555 1724 602; x_wconf 87' lang='lat' dir='ltr'><strong>et</strong></span> <span class='ocrx_word' id='word_1_126' title='bbox 1739 554 1836 602; x_wconf 88' lang='lat' dir='ltr'><strong>aueto-</strong></span> <span class='ocrx_word' id='word_1_127' title='bbox 1877 614 1882 622; x_wconf 96' lang='lat'><strong>.</strong></span> 
     </span>
     <span class='ocr_line' id='line_1_19' title="bbox 1046 634 1837 708; baseline -0.008 -13"><span class='ocrx_word' id='word_1_128' title='bbox 1046 642 1126 695; x_wconf 90' lang='lat' dir='ltr'><strong>ritate</strong></span> <span class='ocrx_word' id='word_1_129' title='bbox 1146 639 1218 696; x_wconf 89' lang='lat' dir='ltr'><strong>beati</strong></span> <span class='ocrx_word' id='word_1_130' title='bbox 1233 637 1304 692; x_wconf 84' lang='lat' dir='ltr'><strong>Petri</strong></span> <span class='ocrx_word' id='word_1_131' title='bbox 1330 636 1446 708; x_wconf 87' lang='lat' dir='ltr'><strong>apostoli</strong></span> <span class='ocrx_word' id='word_1_132' title='bbox 1462 645 1536 692; x_wconf 90' lang='lat' dir='ltr'><strong>recte</strong></span> <span class='ocrx_word' id='word_1_133' title='bbox 1551 634 1647 692; x_wconf 85' lang='lat' dir='ltr'><strong>iecisse</strong></span> <span class='ocrx_word' id='word_1_134' title='bbox 1659 644 1837 705; x_wconf 85' lang='lat' dir='ltr'><strong>cognoscant,</strong></span> 
     </span>
     <span class='ocr_line' id='line_1_20' title="bbox 1048 727 1841 801; baseline -0.005 -14"><span class='ocrx_word' id='word_1_135' title='bbox 1048 747 1180 788; x_wconf 90' lang='lat' dir='ltr'><strong>canonum</strong></span> <span class='ocrx_word' id='word_1_136' title='bbox 1194 731 1339 786; x_wconf 89' lang='lat' dir='ltr'><strong>constituta</strong></span> <span class='ocrx_word' id='word_1_137' title='bbox 1356 730 1503 801; x_wconf 81' lang='lat' dir='ltr'><strong>posuimus,</strong></span> <span class='ocrx_word' id='word_1_138' title='bbox 1514 744 1574 799; x_wconf 84' lang='lat' dir='ltr'><strong>quae</strong></span> <span class='ocrx_word' id='word_1_139' title='bbox 1587 737 1679 783; x_wconf 90' lang='lat' dir='ltr'><strong>saneta</strong></span> <span class='ocrx_word' id='word_1_140' title='bbox 1692 727 1841 783; x_wconf 80' lang='lat' dir='ltr'><strong>Chalcedo-</strong></span> 
     </span>
     <span class='ocr_line' id='line_1_21' title="bbox 1049 800 1837 894; baseline -0.006 -18"><span class='ocrx_word' id='word_1_141' title='bbox 1049 822 1140 876; x_wconf 83' lang='lat' dir='ltr'><strong>nensis</strong></span> <span class='ocrx_word' id='word_1_142' title='bbox 1152 821 1269 894; x_wconf 85' lang='lat' dir='ltr'><strong>synodus</strong></span> <span class='ocrx_word' id='word_1_143' title='bbox 1282 822 1351 892; x_wconf 89' lang='lat' dir='ltr'><strong>apud</strong></span> <span class='ocrx_word' id='word_1_144' title='bbox 1365 836 1394 876; x_wconf 92' lang='lat' dir='ltr'><strong>se</strong></span> <span class='ocrx_word' id='word_1_145' title='bbox 1420 821 1521 875; x_wconf 88' lang='lat' dir='ltr'><strong>relecta</strong></span> <span class='ocrx_word' id='word_1_146' title='bbox 1540 818 1668 875; x_wconf 87' lang='lat' dir='ltr'><strong>laudavit.</strong></span> <span class='ocrx_word' id='word_1_147' title='bbox 1685 800 1779 874; x_wconf 76' lang='lat' dir='ltr'><strong>delius</strong></span> <span class='ocrx_word' id='word_1_148' title='bbox 1793 835 1837 872; x_wconf 86' lang='lat' dir='ltr'><strong>ai·</strong></span> 
     </span>
     <span class='ocr_line' id='line_1_22' title="bbox 1050 910 1842 982; baseline -0.005 -15"><span class='ocrx_word' id='word_1_149' title='bbox 1050 912 1223 968; x_wconf 85' lang='lat' dir='ltr'><strong>chidiaeoniis</strong></span> <span class='ocrx_word' id='word_1_150' title='bbox 1236 911 1330 981; x_wconf 87' lang='lat' dir='ltr'><strong>relegit</strong></span> <span class='ocrx_word' id='word_1_151' title='bbox 1345 929 1351 964; x_wconf 74' lang='grc' dir='ltr'>ε</span> <span class='ocrx_word' id='word_1_152' title='bbox 1367 910 1471 981; x_wconf 88' lang='lat' dir='ltr'><strong>Siquis</strong></span> <span class='ocrx_word' id='word_1_153' title='bbox 1485 911 1628 982; x_wconf 76' lang='lat' dir='ltr'><strong>presbyter</strong></span> <span class='ocrx_word' id='word_1_154' title='bbox 1642 920 1687 966; x_wconf 88' lang='lat' dir='ltr'><strong>aut</strong></span> <span class='ocrx_word' id='word_1_155' title='bbox 1699 910 1842 974; x_wconf 81' lang='lat' dir='ltr'><strong>diaconus,</strong></span> 
     </span>
     <span class='ocr_line' id='line_1_23' title="bbox 1050 1002 1840 1074; baseline -0.003 -16"><span class='ocrx_word' id='word_1_156' title='bbox 1050 1019 1126 1058; x_wconf 91' lang='lat' dir='ltr'><strong>smim</strong></span> <span class='ocrx_word' id='word_1_157' title='bbox 1140 1013 1315 1059; x_wconf 90' lang='lat' dir='ltr'><strong>contemnens</strong></span> <span class='ocrx_word' id='word_1_158' title='bbox 1329 1003 1494 1074; x_wconf 80' lang='lat' dir='ltr'><strong>episcopum,</strong></span> <span class='ocrx_word' id='word_1_159' title='bbox 1510 1018 1526 1057; x_wconf 94' lang='lat' dir='ltr'><strong>a</strong></span> <span class='ocrx_word' id='word_1_160' title='bbox 1540 1002 1730 1057; x_wconf 89' lang='lat' dir='ltr'><strong>communione</strong></span> <span class='ocrx_word' id='word_1_161' title='bbox 1740 1012 1840 1058; x_wconf 85' lang='lat' dir='ltr'><strong>semet·</strong></span> 
     </span>
     <span class='ocr_line' id='line_1_24' title="bbox 1051 1091 1840 1164; baseline -0.001 -16"><span class='ocrx_word' id='word_1_162' title='bbox 1051 1095 1138 1164; x_wconf 89' lang='lat' dir='ltr'><strong>ipsum</strong></span> <span class='ocrx_word' id='word_1_163' title='bbox 1151 1093 1291 1164; x_wconf 87' lang='lat' dir='ltr'><strong>suspendit</strong></span> <span class='ocrx_word' id='word_1_164' title='bbox 1311 1093 1443 1160; x_wconf 89' lang='lat' dir='ltr'><strong>ecelesiae,</strong></span> <span class='ocrx_word' id='word_1_165' title='bbox 1456 1099 1485 1148; x_wconf 90' lang='lat' dir='ltr'><strong>et</strong></span> <span class='ocrx_word' id='word_1_166' title='bbox 1502 1093 1634 1147; x_wconf 88' lang='lat' dir='ltr'><strong>secretius</strong></span> <span class='ocrx_word' id='word_1_167' title='bbox 1644 1091 1786 1147; x_wconf 88' lang='lat' dir='ltr'><strong>collectam</strong></span> <span class='ocrx_word' id='word_1_168' title='bbox 1800 1091 1840 1147; x_wconf 80' lang='lat' dir='ltr'><strong>ia·</strong></span> 
     </span>
     <span class='ocr_line' id='line_1_25' title="bbox 1052 1183 1840 1255; baseline -0.001 -14"><span class='ocrx_word' id='word_1_169' title='bbox 1052 1185 1098 1252; x_wconf 89' lang='lat' dir='ltr'><strong>eit,</strong></span> <span class='ocrx_word' id='word_1_170' title='bbox 1114 1192 1142 1240; x_wconf 91' lang='lat' dir='ltr'><strong>et</strong></span> <span class='ocrx_word' id='word_1_171' title='bbox 1156 1183 1241 1240; x_wconf 86' lang='lat' dir='ltr'><strong>altare</strong></span> <span class='ocrx_word' id='word_1_172' title='bbox 1250 1184 1401 1251; x_wconf 89' lang='lat' dir='ltr'><strong>constituit,</strong></span> <span class='ocrx_word' id='word_1_173' title='bbox 1414 1190 1443 1239; x_wconf 89' lang='lat' dir='ltr'><strong>et</strong></span> <span class='ocrx_word' id='word_1_174' title='bbox 1465 1183 1553 1240; x_wconf 91' lang='lat' dir='ltr'><strong>naluit</strong></span> <span class='ocrx_word' id='word_1_175' title='bbox 1566 1184 1690 1239; x_wconf 81' lang='lat' dir='ltr'><strong>evocanti</strong></span> <span class='ocrx_word' id='word_1_176' title='bbox 1712 1184 1840 1255; x_wconf 87' lang='lat' dir='ltr'><strong>episcopo</strong></span> 
     </span>
     <span class='ocr_line' id='line_1_26' title="bbox 1050 1275 1840 1346; baseline -0.001 -14"><span class='ocrx_word' id='word_1_177' title='bbox 1050 1278 1221 1341; x_wconf 87' lang='lat' dir='ltr'><strong>consentire,</strong></span> <span class='ocrx_word' id='word_1_178' title='bbox 1241 1285 1270 1332; x_wconf 92' lang='lat' dir='ltr'><strong>et</strong></span> <span class='ocrx_word' id='word_1_179' title='bbox 1289 1277 1406 1332; x_wconf 88' lang='lat' dir='ltr'><strong>nolirerit</strong></span> <span class='ocrx_word' id='word_1_180' title='bbox 1433 1275 1521 1333; x_wconf 90' lang='lat' dir='ltr'><strong>cidem</strong></span> <span class='ocrx_word' id='word_1_181' title='bbox 1544 1276 1727 1346; x_wconf 81' lang='lat' dir='ltr'><strong>acquiescere,</strong></span> <span class='ocrx_word' id='word_1_182' title='bbox 1752 1291 1840 1346; x_wconf 85' lang='lat' dir='ltr'><strong>neque</strong></span> 
     </span>
     <span class='ocr_line' id='line_1_27' title="bbox 1051 1369 1840 1441; baseline -0.001 -15"><span class='ocrx_word' id='word_1_183' title='bbox 1051 1370 1161 1426; x_wconf 86' lang='lat' dir='ltr'><strong>obedire</strong></span> <span class='ocrx_word' id='word_1_184' title='bbox 1175 1378 1203 1426; x_wconf 91' lang='lat' dir='ltr'><strong>et</strong></span> <span class='ocrx_word' id='word_1_185' title='bbox 1216 1370 1291 1441; x_wconf 88' lang='lat' dir='ltr'><strong>prius</strong></span> <span class='ocrx_word' id='word_1_186' title='bbox 1304 1378 1332 1426; x_wconf 89' lang='lat' dir='ltr'><strong>et</strong></span> <span class='ocrx_word' id='word_1_187' title='bbox 1345 1369 1465 1426; x_wconf 87' lang='lat' dir='ltr'><strong>secunda</strong></span> <span class='ocrx_word' id='word_1_188' title='bbox 1480 1371 1588 1427; x_wconf 78' lang='lat' dir='ltr'><strong>iocanti</strong></span> <span class='ocrx_word' id='word_1_189' title='bbox 1606 1388 1612 1423; x_wconf 94' lang='lat'><strong>:</strong></span> <span class='ocrx_word' id='word_1_190' title='bbox 1632 1371 1705 1427; x_wconf 91' lang='lat' dir='ltr'><strong>bunc</strong></span> <span class='ocrx_word' id='word_1_191' title='bbox 1729 1370 1840 1426; x_wconf 84' lang='lat' dir='ltr'><strong>cannino</strong></span> 
     </span>
     <span class='ocr_line' id='line_1_28' title="bbox 1051 1463 1841 1534; baseline 0 -16"><span class='ocrx_word' id='word_1_192' title='bbox 1051 1463 1184 1534; x_wconf 88' lang='lat' dir='ltr'><strong>damnari,</strong></span> <span class='ocrx_word' id='word_1_193' title='bbox 1198 1479 1380 1533; x_wconf 91' lang='lat' dir='ltr'><strong>necunquam</strong></span> <span class='ocrx_word' id='word_1_194' title='bbox 1394 1465 1466 1519; x_wconf 87' lang='lat' dir='ltr'><strong>hunc</strong></span> <span class='ocrx_word' id='word_1_195' title='bbox 1479 1464 1647 1520; x_wconf 86' lang='lat' dir='ltr'><strong>curationem</strong></span> <span class='ocrx_word' id='word_1_196' title='bbox 1660 1463 1769 1528; x_wconf 88' lang='lat' dir='ltr'><strong>mereri,</strong></span> <span class='ocrx_word' id='word_1_197' title='bbox 1791 1478 1841 1518; x_wconf 91' lang='lat' dir='ltr'><strong>ncc</strong></span> 
     </span>
     <span class='ocr_line' id='line_1_29' title="bbox 1052 1551 1840 1625; baseline -0.001 -16"><span class='ocrx_word' id='word_1_198' title='bbox 1052 1554 1172 1625; x_wconf 88' lang='lat' dir='ltr'><strong>recipere</strong></span> <span class='ocrx_word' id='word_1_199' title='bbox 1184 1569 1245 1610; x_wconf 87' lang='lat' dir='ltr'><strong>euni</strong></span> <span class='ocrx_word' id='word_1_200' title='bbox 1258 1569 1337 1624; x_wconf 89' lang='lat' dir='ltr'><strong>posse</strong></span> <span class='ocrx_word' id='word_1_201' title='bbox 1352 1555 1494 1611; x_wconf 89' lang='lat' dir='ltr'><strong>bonorem.</strong></span> <span class='ocrx_word' id='word_1_202' title='bbox 1510 1551 1538 1609; x_wconf 89' lang='lat' dir='ltr'><strong>Si</strong></span> <span class='ocrx_word' id='word_1_203' title='bbox 1562 1561 1652 1610; x_wconf 83' lang='lat' dir='ltr'><strong>autent</strong></span> <span class='ocrx_word' id='word_1_204' title='bbox 1666 1556 1840 1624; x_wconf 86' lang='lat' dir='ltr'><strong>pemianserit</strong></span> 
     </span>
     <span class='ocr_line' id='line_1_30' title="bbox 1052 1642 1842 1713; baseline 0 -16"><span class='ocrx_word' id='word_1_205' title='bbox 1052 1644 1144 1699; x_wconf 87' lang='lat' dir='ltr'><strong>turbas</strong></span> <span class='ocrx_word' id='word_1_206' title='bbox 1158 1643 1258 1700; x_wconf 81' lang='lat' dir='ltr'><strong>sacieris</strong></span> <span class='ocrx_word' id='word_1_207' title='bbox 1270 1643 1457 1699; x_wconf 89' lang='lat' dir='ltr'><strong>etseditiones</strong></span> <span class='ocrx_word' id='word_1_208' title='bbox 1472 1642 1609 1710; x_wconf 76' lang='lat' dir='ltr'><strong>Ecclesiae,</strong></span> <span class='ocrx_word' id='word_1_209' title='bbox 1624 1659 1672 1713; x_wconf 90' lang='lat' dir='ltr'><strong>pei·</strong></span> <span class='ocrx_word' id='word_1_210' title='bbox 1685 1652 1842 1704; x_wconf 78' lang='lat' dir='ltr'><strong>extraneam</strong></span> 
     </span>
    </p>
   </div>
   <div class='ocr_carea' id='block_1_4' title="bbox 208 1734 1839 1814">
    <p class='ocr_par' dir='ltr' id='par_1_4' title="bbox 208 1734 1839 1814">
     <span class='ocr_line' id='line_1_31' title="bbox 208 1734 1839 1814; baseline -0.004 -18"><span class='ocrx_word' id='word_1_211' title='bbox 208 1742 333 1811; x_wconf 88' lang='lat' dir='ltr'><strong>ligiosum</strong></span> <span class='ocrx_word' id='word_1_212' title='bbox 360 1741 451 1802; x_wconf 83' lang='lat' dir='ltr'><strong>riruni</strong></span> <span class='ocrx_word' id='word_1_213' title='bbox 471 1741 535 1795; x_wconf 87' lang='lat' dir='ltr'><strong>item</strong></span> <span class='ocrx_word' id='word_1_214' title='bbox 563 1736 645 1794; x_wconf 86' lang='lat' dir='ltr'><strong>dliiiin</strong></span> <span class='ocrx_word' id='word_1_215' title='bbox 670 1746 791 1794; x_wconf 88' lang='lat' dir='ltr'><strong>nostruin</strong></span> <span class='ocrx_word' id='word_1_216' title='bbox 818 1734 999 1803; x_wconf 81' lang='lat' dir='ltr'><strong>senatorem,</strong></span> <span class='ocrx_word' id='word_1_217' title='bbox 1018 1743 1214 1814; x_wconf 72' lang='lat' dir='ltr'><strong>ppotestatcm</strong></span> <span class='ocrx_word' id='word_1_218' title='bbox 1238 1747 1365 1805; x_wconf 89' lang='lat' dir='ltr'><strong>tanquam</strong></span> <span class='ocrx_word' id='word_1_219' title='bbox 1390 1736 1547 1792; x_wconf 88' lang='lat' dir='ltr'><strong>seditiosum</strong></span> <span class='ocrx_word' id='word_1_220' title='bbox 1567 1736 1668 1791; x_wconf 85' lang='lat' dir='ltr'><strong>debere</strong></span> <span class='ocrx_word' id='word_1_221' title='bbox 1689 1735 1839 1806; x_wconf 84' lang='lat' dir='ltr'><strong>comprimi.</strong></span> 
     </span>
    </p>
   </div>
   <div class='ocr_carea' id='block_1_5' title="bbox 207 1826 1004 3083">
    <p class='ocr_par' dir='ltr' id='par_1_5' title="bbox 207 1826 1004 3083">
     <span class='ocr_line' id='line_1_32' title="bbox 208 1826 1000 1901; baseline -0.008 -14"><span class='ocrx_word' id='word_1_222' title='bbox 208 1833 331 1901; x_wconf 88' lang='lat' dir='ltr'><strong>aliosque</strong></span> <span class='ocrx_word' id='word_1_223' title='bbox 345 1831 413 1886; x_wconf 91' lang='lat' dir='ltr'><strong>lilios</strong></span> <span class='ocrx_word' id='word_1_224' title='bbox 428 1836 534 1886; x_wconf 85' lang='lat' dir='ltr'><strong>nastros</strong></span> <span class='ocrx_word' id='word_1_225' title='bbox 545 1827 703 1885; x_wconf 89' lang='lat' dir='ltr'><strong>commoniti</strong></span> <span class='ocrx_word' id='word_1_226' title='bbox 717 1827 839 1882; x_wconf 85' lang='lat' dir='ltr'><strong>noluistis</strong></span> <span class='ocrx_word' id='word_1_227' title='bbox 853 1826 959 1894; x_wconf 88' lang='lat' dir='ltr'><strong>audire,</strong></span> <span class='ocrx_word' id='word_1_228' title='bbox 972 1835 1000 1882; x_wconf 91' lang='lat' dir='ltr'><strong>et</strong></span> 
     </span>
     <span class='ocr_line' id='line_1_33' title="bbox 207 1918 998 2000; baseline -0.005 -22"><span class='ocrx_word' id='word_1_229' title='bbox 207 1922 344 1992; x_wconf 89' lang='lat' dir='ltr'><strong>nequead</strong></span> <span class='ocrx_word' id='word_1_230' title='bbox 358 1920 514 1985; x_wconf 85' lang='lat' dir='ltr'><strong>Ecclesiam,</strong></span> <span class='ocrx_word' id='word_1_231' title='bbox 527 1919 658 2000; x_wconf 77' lang='lat' dir='ltr'><strong>nequead</strong></span> <span class='ocrx_word' id='word_1_232' title='bbox 672 1935 722 1975; x_wconf 85' lang='lat' dir='ltr'><strong>nos</strong></span> <span class='ocrx_word' id='word_1_233' title='bbox 731 1918 841 1987; x_wconf 82' lang='lat' dir='ltr'><strong>reverti,</strong></span> <span class='ocrx_word' id='word_1_234' title='bbox 857 1918 927 1975; x_wconf 89' lang='lat' dir='ltr'><strong>siout</strong></span> <span class='ocrx_word' id='word_1_235' title='bbox 938 1934 998 1974; x_wconf 92' lang='lat' dir='ltr'><strong>om-</strong></span> 
     </span>
     <span class='ocr_line' id='line_1_34' title="bbox 207 2008 1000 2080; baseline -0.004 -14"><span class='ocrx_word' id='word_1_236' title='bbox 207 2013 254 2066; x_wconf 88' lang='lat' dir='ltr'><strong>nia</strong></span> <span class='ocrx_word' id='word_1_237' title='bbox 278 2010 374 2078; x_wconf 72' lang='lat' dir='ltr'><strong>lacius,</strong></span> <span class='ocrx_word' id='word_1_238' title='bbox 388 2010 512 2067; x_wconf 81' lang='lat' dir='ltr'><strong>voluistis</strong></span> <span class='ocrx_word' id='word_1_239' title='bbox 524 2009 683 2066; x_wconf 89' lang='lat' dir='ltr'><strong>detestanda</strong></span> <span class='ocrx_word' id='word_1_240' title='bbox 707 2018 719 2047; x_wconf 81' lang='lat'><em>⁰</em></span> <span class='ocrx_word' id='word_1_241' title='bbox 735 2008 858 2080; x_wconf 85' lang='lat' dir='ltr'><strong>superbia</strong></span> <span class='ocrx_word' id='word_1_242' title='bbox 871 2026 878 2078; x_wconf 86' lang='lat'>;</span> <span class='ocrx_word' id='word_1_243' title='bbox 892 2017 920 2064; x_wconf 90' lang='lat' dir='ltr'><strong>et</strong></span> <span class='ocrx_word' id='word_1_244' title='bbox 940 2008 1000 2064; x_wconf 91' lang='lat' dir='ltr'><strong>ideo</strong></span> 
     </span>
     <span class='ocr_line' id='line_1_35' title="bbox 208 2098 1001 2166; baseline -0.008 -7"><span class='ocrx_word' id='word_1_245' title='bbox 208 2117 322 2159; x_wconf 84' lang='lat' dir='ltr'><strong>neccsse</strong></span> <span class='ocrx_word' id='word_1_246' title='bbox 333 2101 411 2158; x_wconf 91' lang='lat' dir='ltr'><strong>nobis</strong></span> <span class='ocrx_word' id='word_1_247' title='bbox 424 2102 503 2158; x_wconf 91' lang='lat' dir='ltr'><strong>estin</strong></span> <span class='ocrx_word' id='word_1_248' title='bbox 515 2101 592 2157; x_wconf 83' lang='lat' dir='ltr'><strong>vobis</strong></span> <span class='ocrx_word' id='word_1_249' title='bbox 606 2100 735 2157; x_wconf 87' lang='lat' dir='ltr'><strong>canonica</strong></span> <span class='ocrx_word' id='word_1_250' title='bbox 748 2098 900 2166; x_wconf 83' lang='lat' dir='ltr'><strong>vindicare,</strong></span> <span class='ocrx_word' id='word_1_251' title='bbox 915 2114 950 2155; x_wconf 94' lang='lat' dir='ltr'><strong>ne</strong></span> <span class='ocrx_word' id='word_1_252' title='bbox 960 2099 1001 2153; x_wconf 83' lang='lat' dir='ltr'><strong>ri-</strong></span> 
     </span>
     <span class='ocr_line' id='line_1_36' title="bbox 208 2188 1001 2261; baseline -0.004 -14"><span class='ocrx_word' id='word_1_253' title='bbox 208 2191 487 2247; x_wconf 88' lang='lat' dir='ltr'><strong>deamurdirinarum</strong></span> <span class='ocrx_word' id='word_1_254' title='bbox 509 2189 707 2261; x_wconf 80' lang='lat' dir='ltr'><strong>scripturarum</strong></span> <span class='ocrx_word' id='word_1_255' title='bbox 733 2188 1001 2258; x_wconf 79' lang='lat' dir='ltr'><strong>interpretationibus</strong></span> 
     </span>
     <span class='ocr_line' id='line_1_37' title="bbox 209 2280 1000 2355; baseline -0.013 -13"><span class='ocrx_word' id='word_1_256' title='bbox 209 2285 361 2355; x_wconf 72' lang='lat' dir='ltr'><strong>sudlucere.</strong></span> <span class='ocrx_word' id='word_1_257' title='bbox 373 2282 509 2352; x_wconf 86' lang='lat' dir='ltr'><strong>Scriptum</strong></span> <span class='ocrx_word' id='word_1_258' title='bbox 518 2289 559 2340; x_wconf 89' lang='lat' dir='ltr'><strong>est</strong></span> <span class='ocrx_word' id='word_1_259' title='bbox 573 2282 644 2338; x_wconf 90' lang='lat' dir='ltr'><strong>enim</strong></span> <span class='ocrx_word' id='word_1_260' title='bbox 659 2297 667 2336; x_wconf 76' lang='lat' dir='ltr'><strong>a</strong></span> <span class='ocrx_word' id='word_1_261' title='bbox 683 2280 807 2336; x_wconf 80' lang='lat' dir='ltr'><strong>Videbam</strong></span> <span class='ocrx_word' id='word_1_262' title='bbox 819 2280 911 2352; x_wconf 71' lang='lat' dir='ltr'><strong>[arem.</strong></span> <span class='ocrx_word' id='word_1_263' title='bbox 925 2287 950 2334; x_wconf 86' lang='lat' dir='ltr'><strong>et</strong></span> <span class='ocrx_word' id='word_1_264' title='bbox 964 2281 1000 2336; x_wconf 85' lang='lat' dir='ltr'><strong>si·</strong></span> 
     </span>
     <span class='ocr_line' id='line_1_38' title="bbox 208 2372 1001 2444; baseline -0.01 -11"><span class='ocrx_word' id='word_1_265' title='bbox 208 2378 264 2433; x_wconf 81' lang='lat' dir='ltr'><strong>mat</strong></span> <span class='ocrx_word' id='word_1_266' title='bbox 278 2375 398 2432; x_wconf 79' lang='lat' dir='ltr'><strong>carrelias</strong></span> <span class='ocrx_word' id='word_1_267' title='bbox 413 2374 422 2413; x_wconf 74' lang='lat'><em>¹</em></span> <span class='ocrx_word' id='word_1_268' title='bbox 440 2391 498 2430; x_wconf 84' lang='lat' dir='ltr'><strong>carri</strong></span> <span class='ocrx_word' id='word_1_269' title='bbox 512 2392 542 2430; x_wconf 80' lang='lat' dir='ltr'><strong>ea</strong></span> <span class='ocrx_word' id='word_1_270' title='bbox 557 2391 567 2429; x_wconf 91' lang='lat'><strong>.·</strong></span> <span class='ocrx_word' id='word_1_271' title='bbox 581 2383 607 2429; x_wconf 87' lang='lat' dir='ltr'><strong>et</strong></span> <span class='ocrx_word' id='word_1_272' title='bbox 630 2389 687 2428; x_wconf 88' lang='lat' dir='ltr'><strong>earn</strong></span> <span class='ocrx_word' id='word_1_273' title='bbox 707 2372 833 2428; x_wconf 67' lang='lat' dir='ltr'><strong>adulteria</strong></span> <span class='ocrx_word' id='word_1_274' title='bbox 856 2372 1001 2444; x_wconf 80' lang='lat' dir='ltr'><strong>portionem</strong></span> 
     </span>
     <span class='ocr_line' id='line_1_39' title="bbox 210 2461 1000 2539; baseline -0.009 -18"><span class='ocrx_word' id='word_1_275' title='bbox 210 2479 284 2521; x_wconf 86' lang='lat' dir='ltr'><strong>tuam</strong></span> <span class='ocrx_word' id='word_1_276' title='bbox 296 2466 410 2539; x_wconf 80' lang='lat' dir='ltr'><strong>partebus</strong></span> <span class='ocrx_word' id='word_1_277' title='bbox 421 2464 509 2537; x_wconf 85' lang='lat' dir='ltr'><strong>(Paul.</strong></span> <span class='ocrx_word' id='word_1_278' title='bbox 530 2465 625 2536; x_wconf 81' lang='lat' dir='ltr'><strong>xux);</strong></span> <span class='ocrx_word' id='word_1_279' title='bbox 641 2473 669 2519; x_wconf 88' lang='lat' dir='ltr'><strong>ct</strong></span> <span class='ocrx_word' id='word_1_280' title='bbox 683 2465 741 2533; x_wconf 91' lang='lat' dir='ltr'><strong>ipse</strong></span> <span class='ocrx_word' id='word_1_281' title='bbox 754 2462 882 2519; x_wconf 79' lang='lat' dir='ltr'><strong>Dominus</strong></span> <span class='ocrx_word' id='word_1_282' title='bbox 896 2476 929 2516; x_wconf 92' lang='lat' dir='ltr'><strong>ac</strong></span> <span class='ocrx_word' id='word_1_283' title='bbox 940 2461 1000 2515; x_wconf 85' lang='lat' dir='ltr'><strong>Sal-</strong></span> 
     </span>
     <span class='ocr_line' id='line_1_40' title="bbox 210 2552 1001 2619; baseline -0.011 -7"><span class='ocrx_word' id='word_1_284' title='bbox 210 2566 290 2612; x_wconf 82' lang='lat' dir='ltr'><strong>vator</strong></span> <span class='ocrx_word' id='word_1_285' title='bbox 304 2566 396 2613; x_wconf 92' lang='lat' dir='ltr'><strong>noster</strong></span> <span class='ocrx_word' id='word_1_286' title='bbox 409 2555 474 2612; x_wconf 91' lang='lat' dir='ltr'><strong>dicit</strong></span> <span class='ocrx_word' id='word_1_287' title='bbox 490 2573 497 2608; x_wconf 88' lang='lat'>:</span> <span class='ocrx_word' id='word_1_288' title='bbox 514 2552 589 2619; x_wconf 77' lang='lat' dir='ltr'><strong>Quod</strong></span> <span class='ocrx_word' id='word_1_289' title='bbox 609 2554 734 2609; x_wconf 75' lang='lat' dir='ltr'><strong>ducatur</strong></span> <span class='ocrx_word' id='word_1_290' title='bbox 748 2560 806 2606; x_wconf 84' lang='lat' dir='ltr'><strong>tani</strong></span> <span class='ocrx_word' id='word_1_291' title='bbox 821 2552 911 2607; x_wconf 78' lang='lat' dir='ltr'><strong>dexter</strong></span> <span class='ocrx_word' id='word_1_292' title='bbox 924 2567 1001 2608; x_wconf 84' lang='lat' dir='ltr'><strong>ican-</strong></span> 
     </span>
     <span class='ocr_line' id='line_1_41' title="bbox 210 2640 1002 2716; baseline -0.009 -13"><span class='ocrx_word' id='word_1_293' title='bbox 210 2649 311 2703; x_wconf 78' lang='lat' dir='ltr'><strong>diili&#39;aal</strong></span> <span class='ocrx_word' id='word_1_294' title='bbox 331 2657 435 2714; x_wconf 65' lang='lat' dir='ltr'><strong>te5eriie</strong></span> <span class='ocrx_word' id='word_1_295' title='bbox 457 2664 525 2713; x_wconf 84' lang='lat' dir='ltr'><strong>eam,</strong></span> <span class='ocrx_word' id='word_1_296' title='bbox 539 2655 564 2700; x_wconf 87' lang='lat' dir='ltr'><strong>et</strong></span> <span class='ocrx_word' id='word_1_297' title='bbox 585 2644 683 2716; x_wconf 76' lang='lat' dir='ltr'><strong>projice</strong></span> <span class='ocrx_word' id='word_1_298' title='bbox 696 2643 743 2699; x_wconf 83' lang='lat' dir='ltr'><strong>aba</strong></span> <span class='ocrx_word' id='word_1_299' title='bbox 756 2653 788 2697; x_wconf 84' lang='lat' dir='ltr'><strong>te.</strong></span> <span class='ocrx_word' id='word_1_300' title='bbox 805 2640 919 2713; x_wconf 73' lang='lat' dir='ltr'><strong>Expedit</strong></span> <span class='ocrx_word' id='word_1_301' title='bbox 933 2644 1002 2697; x_wconf 87' lang='lat' dir='ltr'><strong>enim</strong></span> 
     </span>
     <span class='ocr_line' id='line_1_42' title="bbox 211 2733 1002 2806; baseline -0.008 -15"><span class='ocrx_word' id='word_1_302' title='bbox 211 2737 258 2791; x_wconf 73' lang='lat' dir='ltr'><strong>tibi</strong></span> <span class='ocrx_word' id='word_1_303' title='bbox 272 2747 300 2790; x_wconf 87' lang='lat' dir='ltr'><strong>at</strong></span> <span class='ocrx_word' id='word_1_304' title='bbox 322 2745 411 2806; x_wconf 83' lang='lat' dir='ltr'><strong>pereat</strong></span> <span class='ocrx_word' id='word_1_305' title='bbox 424 2752 502 2791; x_wconf 81' lang='lat' dir='ltr'><strong>unuin</strong></span> <span class='ocrx_word' id='word_1_306' title='bbox 514 2733 656 2790; x_wconf 68' lang='lat' dir='ltr'><strong>neodem</strong></span> <span class='ocrx_word' id='word_1_307' title='bbox 669 2741 749 2799; x_wconf 87' lang='grc' dir='ltr'>ιιιιι,</span> <span class='ocrx_word' id='word_1_308' title='bbox 763 2747 841 2805; x_wconf 85' lang='lat' dir='ltr'><strong>quani</strong></span> <span class='ocrx_word' id='word_1_309' title='bbox 855 2740 935 2786; x_wconf 84' lang='grc' dir='ltr'>ιιιιιι</span> <span class='ocrx_word' id='word_1_310' title='bbox 945 2748 1002 2787; x_wconf 86' lang='lat' dir='ltr'><strong>cor-</strong></span> 
     </span>
     <span class='ocr_line' id='line_1_43' title="bbox 210 2820 1002 2898; baseline -0.009 -15"><span class='ocrx_word' id='word_1_311' title='bbox 210 2845 260 2898; x_wconf 81' lang='lat' dir='ltr'><strong>pas</strong></span> <span class='ocrx_word' id='word_1_312' title='bbox 284 2829 403 2883; x_wconf 80' lang='lat' dir='ltr'><strong>adoriar</strong></span> <span class='ocrx_word' id='word_1_313' title='bbox 419 2828 445 2882; x_wconf 85' lang='lat' dir='ltr'><strong>in</strong></span> <span class='ocrx_word' id='word_1_314' title='bbox 456 2825 627 2898; x_wconf 76' lang='lat' dir='ltr'><strong>penencourt</strong></span> <span class='ocrx_word' id='word_1_315' title='bbox 646 2822 753 2892; x_wconf 79' lang='lat' dir='ltr'><strong>(diutili.</strong></span> <span class='ocrx_word' id='word_1_316' title='bbox 765 2824 810 2894; x_wconf 88' lang='grc' dir='ltr'>ι).</span> <span class='ocrx_word' id='word_1_317' title='bbox 827 2820 860 2875; x_wconf 87' lang='grc' dir='ltr'><strong>Ει</strong></span> <span class='ocrx_word' id='word_1_318' title='bbox 874 2822 1002 2893; x_wconf 88' lang='lat' dir='ltr'><strong>quoniam</strong></span> 
     </span>
     <span class='ocr_line' id='line_1_44' title="bbox 211 2911 1004 2987; baseline -0.009 -12"><span class='ocrx_word' id='word_1_319' title='bbox 211 2922 265 2976; x_wconf 86' lang='lat' dir='ltr'><strong>iste</strong></span> <span class='ocrx_word' id='word_1_320' title='bbox 289 2919 444 2976; x_wconf 87' lang='lat' dir='ltr'><strong>intellectos</strong></span> <span class='ocrx_word' id='word_1_321' title='bbox 466 2917 552 2987; x_wconf 88' lang='lat' dir='ltr'><strong>magis</strong></span> <span class='ocrx_word' id='word_1_322' title='bbox 571 2917 606 2972; x_wconf 90' lang='lat' dir='ltr'><strong>de</strong></span> <span class='ocrx_word' id='word_1_323' title='bbox 629 2911 727 2971; x_wconf 86' lang='lat' dir='ltr'><strong>oldciis</strong></span> <span class='ocrx_word' id='word_1_324' title='bbox 751 2912 935 2978; x_wconf 87' lang='lat' dir='ltr'><strong>ecclesiarum,</strong></span> <span class='ocrx_word' id='word_1_325' title='bbox 959 2914 1004 2968; x_wconf 83' lang='lat' dir='ltr'><strong>rel</strong></span> 
     </span>
     <span class='ocr_line' id='line_1_45' title="bbox 211 3003 1003 3083; baseline -0.013 -15"><span class='ocrx_word' id='word_1_326' title='bbox 211 3009 344 3083; x_wconf 79' lang='lat' dir='ltr'><strong>proximis</strong></span> <span class='ocrx_word' id='word_1_327' title='bbox 356 3027 410 3067; x_wconf 92' lang='lat' dir='ltr'><strong>non</strong></span> <span class='ocrx_word' id='word_1_328' title='bbox 419 3018 493 3066; x_wconf 87' lang='lat' dir='ltr'><strong>recte</strong></span> <span class='ocrx_word' id='word_1_329' title='bbox 506 3008 656 3078; x_wconf 70' lang='lat' dir='ltr'><strong>agentibus,</strong></span> <span class='ocrx_word' id='word_1_330' title='bbox 669 3014 696 3062; x_wconf 92' lang='lat' dir='ltr'><strong>et</strong></span> <span class='ocrx_word' id='word_1_331' title='bbox 705 3003 831 3062; x_wconf 73' lang='lat' dir='ltr'><strong>mandale</strong></span> <span class='ocrx_word' id='word_1_332' title='bbox 842 3004 869 3059; x_wconf 92' lang='lat' dir='ltr'><strong>in</strong></span> <span class='ocrx_word' id='word_1_333' title='bbox 880 3004 1003 3059; x_wconf 85' lang='lat' dir='ltr'><strong>ccelesiis</strong></span> 
     </span>
    </p>
   </div>
   <div class='ocr_carea' id='block_1_6' title="bbox 1049 1825 1847 3084">
    <p class='ocr_par' dir='ltr' id='par_1_6' title="bbox 1049 1825 1847 3084">
     <span class='ocr_line' id='line_1_46' title="bbox 1052 1825 1843 1898; baseline 0.004 -17"><span class='ocrx_word' id='word_1_334' title='bbox 1052 1825 1164 1897; x_wconf 81' lang='lat' dir='ltr'><strong>(Omnes</strong></span> <span class='ocrx_word' id='word_1_335' title='bbox 1184 1827 1400 1883; x_wconf 79' lang='lat' dir='ltr'><strong>reverendissimi</strong></span> <span class='ocrx_word' id='word_1_336' title='bbox 1415 1828 1534 1898; x_wconf 84' lang='lat' dir='ltr'><strong>episcopi</strong></span> <span class='ocrx_word' id='word_1_337' title='bbox 1552 1827 1759 1883; x_wconf 78' lang='lat' dir='ltr'><strong>clamaverant:</strong></span> <span class='ocrx_word' id='word_1_338' title='bbox 1780 1825 1843 1883; x_wconf 74' lang='lat' dir='ltr'><strong>llaec</strong></span> 
     </span>
     <span class='ocr_line' id='line_1_47' title="bbox 1049 1920 1840 1994; baseline -0.001 -16"><span class='ocrx_word' id='word_1_339' title='bbox 1049 1922 1122 1993; x_wconf 82' lang='lat' dir='ltr'><strong>justa</strong></span> <span class='ocrx_word' id='word_1_340' title='bbox 1133 1923 1234 1994; x_wconf 88' lang='lat' dir='ltr'><strong>regula,</strong></span> <span class='ocrx_word' id='word_1_341' title='bbox 1251 1923 1307 1979; x_wconf 83' lang='lat' dir='ltr'><strong>lmec</strong></span> <span class='ocrx_word' id='word_1_342' title='bbox 1320 1924 1413 1993; x_wconf 87' lang='lat' dir='ltr'><strong>regula</strong></span> <span class='ocrx_word' id='word_1_343' title='bbox 1427 1920 1840 1994; x_wconf 84' lang='lat' dir='ltr'><strong>Patrum.)Pariterstatncntcs.</strong></span> 
     </span>
     <span class='ocr_line' id='line_1_48' title="bbox 1052 2013 1843 2086; baseline 0.001 -17"><span class='ocrx_word' id='word_1_344' title='bbox 1052 2022 1082 2069; x_wconf 92' lang='lat' dir='ltr'><strong>ut</strong></span> <span class='ocrx_word' id='word_1_345' title='bbox 1100 2014 1121 2069; x_wconf 93' lang='lat' dir='ltr'><strong>si</strong></span> <span class='ocrx_word' id='word_1_346' title='bbox 1135 2013 1213 2069; x_wconf 90' lang='lat' dir='ltr'><strong>nobis</strong></span> <span class='ocrx_word' id='word_1_347' title='bbox 1226 2014 1386 2079; x_wconf 84' lang='lat' dir='ltr'><strong>viventibus,</strong></span> <span class='ocrx_word' id='word_1_348' title='bbox 1401 2017 1615 2086; x_wconf 85' lang='lat' dir='ltr'><strong>sicutoptamas,</strong></span> <span class='ocrx_word' id='word_1_349' title='bbox 1631 2015 1681 2071; x_wconf 87' lang='lat' dir='ltr'><strong>sub</strong></span> <span class='ocrx_word' id='word_1_350' title='bbox 1693 2014 1843 2070; x_wconf 87' lang='lat' dir='ltr'><strong>bumilitate</strong></span> 
     </span>
     <span class='ocr_line' id='line_1_49' title="bbox 1053 2106 1843 2176; baseline -0.001 -15"><span class='ocrx_word' id='word_1_351' title='bbox 1053 2116 1081 2162; x_wconf 91' lang='lat' dir='ltr'><strong>et</strong></span> <span class='ocrx_word' id='word_1_352' title='bbox 1090 2107 1296 2163; x_wconf 88' lang='lat' dir='ltr'><strong>mansuetudine</strong></span> <span class='ocrx_word' id='word_1_353' title='bbox 1306 2108 1436 2162; x_wconf 90' lang='lat' dir='ltr'><strong>canonice</strong></span> <span class='ocrx_word' id='word_1_354' title='bbox 1451 2106 1622 2176; x_wconf 66' lang='lat' dir='ltr'><strong>poenitentes,</strong></span> <span class='ocrx_word' id='word_1_355' title='bbox 1637 2116 1751 2160; x_wconf 86' lang='lat' dir='ltr'><strong>matrem</strong></span> <span class='ocrx_word' id='word_1_356' title='bbox 1763 2120 1843 2160; x_wconf 82' lang='lat' dir='ltr'><strong>reeo-</strong></span> 
     </span>
     <span class='ocr_line' id='line_1_50' title="bbox 1053 2194 1843 2268; baseline -0.008 -15"><span class='ocrx_word' id='word_1_357' title='bbox 1053 2197 1200 2268; x_wconf 84' lang='lat' dir='ltr'><strong>gnoveritis</strong></span> <span class='ocrx_word' id='word_1_358' title='bbox 1221 2195 1379 2264; x_wconf 79' lang='lat' dir='ltr'><strong>Ecclesiam,</strong></span> <span class='ocrx_word' id='word_1_359' title='bbox 1403 2198 1613 2264; x_wconf 87' lang='lat' dir='ltr'><strong>cunipetentcrl</strong></span> <span class='ocrx_word' id='word_1_360' title='bbox 1634 2209 1650 2248; x_wconf 90' lang='lat' dir='ltr'><strong>a</strong></span> <span class='ocrx_word' id='word_1_361' title='bbox 1674 2194 1751 2248; x_wconf 91' lang='lat' dir='ltr'><strong>nabis</strong></span> <span class='ocrx_word' id='word_1_362' title='bbox 1765 2194 1843 2249; x_wconf 87' lang='lat' dir='ltr'><strong>reuia</strong></span> 
     </span>
     <span class='ocr_line' id='line_1_51' title="bbox 1055 2283 1839 2354; baseline -0.003 -12"><span class='ocrx_word' id='word_1_363' title='bbox 1055 2286 1228 2342; x_wconf 85' lang='lat' dir='ltr'><strong>concedatur.</strong></span> <span class='ocrx_word' id='word_1_364' title='bbox 1244 2284 1272 2340; x_wconf 83' lang='lat' dir='ltr'><strong>st</strong></span> <span class='ocrx_word' id='word_1_365' title='bbox 1297 2299 1362 2340; x_wconf 88' lang='lat' dir='ltr'><strong>vcra</strong></span> <span class='ocrx_word' id='word_1_366' title='bbox 1378 2283 1461 2354; x_wconf 83' lang='lat' dir='ltr'><strong>(quod</strong></span> <span class='ocrx_word' id='word_1_367' title='bbox 1474 2299 1529 2339; x_wconf 90' lang='lat' dir='ltr'><strong>non</strong></span> <span class='ocrx_word' id='word_1_368' title='bbox 1543 2283 1678 2353; x_wconf 80' lang='lat' dir='ltr'><strong>optamus)</strong></span> <span class='ocrx_word' id='word_1_369' title='bbox 1693 2284 1743 2339; x_wconf 87' lang='lat' dir='ltr'><strong>soli</strong></span> <span class='ocrx_word' id='word_1_370' title='bbox 1758 2298 1839 2353; x_wconf 86' lang='lat' dir='ltr'><strong>rega·</strong></span> 
     </span>
     <span class='ocr_line' id='line_1_52' title="bbox 1055 2373 1845 2446; baseline 0 -15"><span class='ocrx_word' id='word_1_371' title='bbox 1055 2377 1106 2432; x_wconf 86' lang='lat' dir='ltr'><strong>lari</strong></span> <span class='ocrx_word' id='word_1_372' title='bbox 1118 2376 1273 2446; x_wconf 88' lang='lat' dir='ltr'><strong>poenitentia</strong></span> <span class='ocrx_word' id='word_1_373' title='bbox 1288 2375 1321 2429; x_wconf 87' lang='lat' dir='ltr'><strong>ad</strong></span> <span class='ocrx_word' id='word_1_374' title='bbox 1335 2382 1448 2430; x_wconf 89' lang='lat' dir='ltr'><strong>matrem</strong></span> <span class='ocrx_word' id='word_1_375' title='bbox 1460 2373 1607 2430; x_wconf 82' lang='lat' dir='ltr'><strong>Ecclesiam</strong></span> <span class='ocrx_word' id='word_1_376' title='bbox 1622 2384 1749 2430; x_wconf 89' lang='lat' dir='ltr'><strong>consueta</strong></span> <span class='ocrx_word' id='word_1_377' title='bbox 1761 2375 1845 2431; x_wconf 85' lang='lat' dir='ltr'><strong>distu-</strong></span> 
     </span>
     <span class='ocr_line' id='line_1_53' title="bbox 1054 2463 1845 2535; baseline -0.001 -14"><span class='ocrx_word' id='word_1_378' title='bbox 1054 2465 1140 2523; x_wconf 89' lang='lat' dir='ltr'><strong>lcritis</strong></span> <span class='ocrx_word' id='word_1_379' title='bbox 1153 2463 1243 2519; x_wconf 68' lang='lat' dir='ltr'><strong>redde</strong></span> <span class='ocrx_word' id='word_1_380' title='bbox 1257 2464 1393 2533; x_wconf 89' lang='lat' dir='ltr'><strong>snperbia,</strong></span> <span class='ocrx_word' id='word_1_381' title='bbox 1405 2463 1583 2519; x_wconf 89' lang='lat' dir='ltr'><strong>conciliorum</strong></span> <span class='ocrx_word' id='word_1_382' title='bbox 1597 2465 1623 2519; x_wconf 94' lang='lat' dir='ltr'><strong>in</strong></span> <span class='ocrx_word' id='word_1_383' title='bbox 1632 2464 1845 2535; x_wconf 28' lang='lat' dir='ltr'><strong>nobiqsqnuruui</strong></span> 
     </span>
     <span class='ocr_line' id='line_1_54' title="bbox 1055 2553 1847 2626; baseline 0.003 -16"><span class='ocrx_word' id='word_1_384' title='bbox 1055 2554 1161 2625; x_wconf 89' lang='lat' dir='ltr'><strong>regulas</strong></span> <span class='ocrx_word' id='word_1_385' title='bbox 1186 2553 1336 2625; x_wconf 86' lang='lat' dir='ltr'><strong>posuimus,</strong></span> <span class='ocrx_word' id='word_1_386' title='bbox 1361 2568 1476 2610; x_wconf 85' lang='lat' dir='ltr'><strong>censura</strong></span> <span class='ocrx_word' id='word_1_387' title='bbox 1490 2563 1623 2620; x_wconf 87' lang='lat' dir='ltr'><strong>serretur,</strong></span> <span class='ocrx_word' id='word_1_388' title='bbox 1639 2561 1671 2611; x_wconf 93' lang='lat' dir='ltr'><strong>ut</strong></span> <span class='ocrx_word' id='word_1_389' title='bbox 1683 2556 1771 2611; x_wconf 89' lang='lat' dir='ltr'><strong>nullas</strong></span> <span class='ocrx_word' id='word_1_390' title='bbox 1785 2566 1847 2626; x_wconf 89' lang='lat' dir='ltr'><strong>post</strong></span> 
     </span>
     <span class='ocr_line' id='line_1_55' title="bbox 1056 2643 1845 2715; baseline 0.004 -15"><span class='ocrx_word' id='word_1_391' title='bbox 1056 2645 1195 2700; x_wconf 85' lang='lat' dir='ltr'><strong>transitum</strong></span> <span class='ocrx_word' id='word_1_392' title='bbox 1209 2653 1331 2702; x_wconf 88' lang='lat' dir='ltr'><strong>nostium</strong></span> <span class='ocrx_word' id='word_1_393' title='bbox 1344 2648 1370 2714; x_wconf 55' lang='grc' dir='ltr'>ι,</span> <span class='ocrx_word' id='word_1_394' title='bbox 1383 2643 1456 2715; x_wconf 92' lang='lat' dir='ltr'><strong>qood</strong></span> <span class='ocrx_word' id='word_1_395' title='bbox 1469 2659 1504 2701; x_wconf 82' lang='lat' dir='ltr'><strong>ex</strong></span> <span class='ocrx_word' id='word_1_396' title='bbox 1525 2645 1595 2700; x_wconf 86' lang='lat' dir='ltr'><strong>beati</strong></span> <span class='ocrx_word' id='word_1_397' title='bbox 1611 2644 1699 2714; x_wconf 84' lang='lat' dir='ltr'><strong>Petri,</strong></span> <span class='ocrx_word' id='word_1_398' title='bbox 1713 2645 1791 2715; x_wconf 85' lang='lat' dir='ltr'><strong>cajus</strong></span> <span class='ocrx_word' id='word_1_399' title='bbox 1805 2648 1845 2703; x_wconf 90' lang='lat' dir='ltr'><strong>lo·</strong></span> 
     </span>
     <span class='ocr_line' id='line_1_56' title="bbox 1055 2736 1845 2807; baseline -0.005 -12"><span class='ocrx_word' id='word_1_400' title='bbox 1055 2754 1127 2803; x_wconf 88' lang='lat' dir='ltr'><strong>coin,</strong></span> <span class='ocrx_word' id='word_1_401' title='bbox 1138 2738 1202 2796; x_wconf 89' lang='lat' dir='ltr'><strong>licet</strong></span> <span class='ocrx_word' id='word_1_402' title='bbox 1215 2737 1352 2804; x_wconf 89' lang='lat' dir='ltr'><strong>immeriti,</strong></span> <span class='ocrx_word' id='word_1_403' title='bbox 1360 2736 1487 2807; x_wconf 89' lang='lat' dir='ltr'><strong>gerimus,</strong></span> <span class='ocrx_word' id='word_1_404' title='bbox 1498 2737 1660 2793; x_wconf 86' lang='lat' dir='ltr'><strong>auctoritate</strong></span> <span class='ocrx_word' id='word_1_405' title='bbox 1674 2737 1845 2807; x_wconf 82' lang='lat' dir='ltr'><strong>proterimus,</strong></span> 
     </span>
     <span class='ocr_line' id='line_1_57' title="bbox 1055 2829 1847 2900; baseline -0.005 -11"><span class='ocrx_word' id='word_1_406' title='bbox 1055 2847 1190 2889; x_wconf 90' lang='lat' dir='ltr'><strong>canonum</strong></span> <span class='ocrx_word' id='word_1_407' title='bbox 1205 2831 1312 2900; x_wconf 89' lang='lat' dir='ltr'><strong>regulas</strong></span> <span class='ocrx_word' id='word_1_408' title='bbox 1324 2836 1513 2899; x_wconf 81' lang='lat' dir='ltr'><strong>exsequentes,</strong></span> <span class='ocrx_word' id='word_1_409' title='bbox 1526 2829 1552 2886; x_wconf 91' lang='lat' dir='ltr'><strong>iri</strong></span> <span class='ocrx_word' id='word_1_410' title='bbox 1567 2829 1750 2886; x_wconf 87' lang='lat' dir='ltr'><strong>ecclesiastico</strong></span> <span class='ocrx_word' id='word_1_411' title='bbox 1760 2830 1847 2898; x_wconf 81' lang='lat' dir='ltr'><strong>gradu</strong></span> 
     </span>
     <span class='ocr_line' id='line_1_58' title="bbox 1055 2917 1846 2988; baseline -0.004 -11"><span class='ocrx_word' id='word_1_412' title='bbox 1055 2922 1155 2977; x_wconf 86' lang='lat' dir='ltr'><strong>audeat</strong></span> <span class='ocrx_word' id='word_1_413' title='bbox 1174 2935 1304 2978; x_wconf 87' lang='lat' dir='ltr'><strong>reuocare</strong></span> <span class='ocrx_word' id='word_1_414' title='bbox 1324 2919 1471 2988; x_wconf 81' lang='lat' dir='ltr'><strong>loannem,</strong></span> <span class='ocrx_word' id='word_1_415' title='bbox 1486 2918 1654 2984; x_wconf 83' lang='lat' dir='ltr'><strong>Gerontiarn,</strong></span> <span class='ocrx_word' id='word_1_416' title='bbox 1675 2917 1846 2986; x_wconf 80' lang='lat' dir='ltr'><strong>Severinum,</strong></span> 
     </span>
     <span class='ocr_line' id='line_1_59' title="bbox 1059 3009 1844 3084; baseline 0 -17"><span class='ocrx_word' id='word_1_417' title='bbox 1059 3012 1252 3084; x_wconf 88' lang='lat' dir='ltr'><strong>importunum,</strong></span> <span class='ocrx_word' id='word_1_418' title='bbox 1276 3010 1407 3068; x_wconf 80' lang='lat' dir='ltr'><strong>loannem</strong></span> <span class='ocrx_word' id='word_1_419' title='bbox 1421 3016 1505 3081; x_wconf 91' lang='lat' dir='ltr'><strong>atque</strong></span> <span class='ocrx_word' id='word_1_420' title='bbox 1516 3009 1675 3076; x_wconf 76' lang='lat' dir='ltr'><strong>deusdedit,</strong></span> <span class='ocrx_word' id='word_1_421' title='bbox 1695 3025 1765 3082; x_wconf 91' lang='lat' dir='ltr'><strong>quos</strong></span> <span class='ocrx_word' id='word_1_422' title='bbox 1777 3025 1844 3067; x_wconf 85' lang='lat' dir='ltr'><strong>con·</strong></span> 
     </span>
    </p>
   </div>
   <div class='ocr_carea' id='block_1_7' title="bbox 211 3092 1843 3189">
    <p class='ocr_par' dir='ltr' id='par_1_7' title="bbox 211 3092 1843 3189">
     <span class='ocr_line' id='line_1_60' title="bbox 211 3092 1843 3189; baseline -0.009 -31"><span class='ocrx_word' id='word_1_423' title='bbox 211 3102 383 3158; x_wconf 83' lang='lat' dir='ltr'><strong>mittentibus</strong></span> <span class='ocrx_word' id='word_1_424' title='bbox 397 3116 465 3158; x_wconf 88' lang='lat' dir='ltr'><strong>sario</strong></span> <span class='ocrx_word' id='word_1_425' title='bbox 480 3114 559 3156; x_wconf 90' lang='lat' dir='ltr'><strong>sensu</strong></span> <span class='ocrx_word' id='word_1_426' title='bbox 581 3096 664 3154; x_wconf 88' lang='lat' dir='ltr'><strong>debet</strong></span> <span class='ocrx_word' id='word_1_427' title='bbox 690 3095 787 3166; x_wconf 89' lang='lat' dir='ltr'><strong>aptari,</strong></span> <span class='ocrx_word' id='word_1_428' title='bbox 802 3094 872 3151; x_wconf 91' lang='lat' dir='ltr'><strong>sicut</strong></span> <span class='ocrx_word' id='word_1_429' title='bbox 896 3103 924 3149; x_wconf 91' lang='lat' dir='ltr'><strong>et</strong></span> <span class='ocrx_word' id='word_1_430' title='bbox 938 3092 1002 3149; x_wconf 87' lang='lat' dir='ltr'><strong>alibi</strong></span> <span class='ocrx_word' id='word_1_431' title='bbox 1018 3129 1040 3189; x_wconf 70' lang='lat' dir='ltr'>C</span> <span class='ocrx_word' id='word_1_432' title='bbox 1058 3112 1113 3160; x_wconf 66' lang='lat' dir='ltr'><strong>siai</strong></span> <span class='ocrx_word' id='word_1_433' title='bbox 1125 3111 1220 3160; x_wconf 60' lang='lat' dir='ltr'><strong>vegim</strong></span> <span class='ocrx_word' id='word_1_434' title='bbox 1234 3102 1428 3173; x_wconf 61' lang='lat' dir='ltr'><strong>conjuracionis</strong></span> <span class='ocrx_word' id='word_1_435' title='bbox 1442 3110 1470 3157; x_wconf 70' lang='lat' dir='ltr'><strong>er</strong></span> <span class='ocrx_word' id='word_1_436' title='bbox 1483 3100 1691 3172; x_wconf 63' lang='grc' dir='ltr'>ωῃςρῑηιῑοῃῑς</span> <span class='ocrx_word' id='word_1_437' title='bbox 1705 3116 1766 3158; x_wconf 55' lang='lat' dir='ltr'><strong>gese</strong></span> <span class='ocrx_word' id='word_1_438' title='bbox 1780 3118 1843 3173; x_wconf 59' lang='lat' dir='ltr'><strong>par.</strong></span> 
     </span>
    </p>
   </div>
   <div class='ocr_carea' id='block_1_8' title="bbox 213 3185 1007 4420">
    <p class='ocr_par' dir='ltr' id='par_1_8' title="bbox 213 3185 1007 4420">
     <span class='ocr_line' id='line_1_61' title="bbox 213 3185 1004 3258; baseline -0.01 -11"><span class='ocrx_word' id='word_1_439' title='bbox 213 3207 266 3247; x_wconf 88' lang='lat' dir='ltr'><strong>nos</strong></span> <span class='ocrx_word' id='word_1_440' title='bbox 285 3191 421 3257; x_wconf 87' lang='lat' dir='ltr'><strong>admonet,</strong></span> <span class='ocrx_word' id='word_1_441' title='bbox 445 3190 538 3245; x_wconf 87' lang='lat' dir='ltr'><strong>dicens</strong></span> <span class='ocrx_word' id='word_1_442' title='bbox 553 3206 559 3242; x_wconf 92' lang='lat'>:</span> <span class='ocrx_word' id='word_1_443' title='bbox 576 3187 683 3258; x_wconf 83' lang='lat' dir='ltr'><strong>Oportet</strong></span> <span class='ocrx_word' id='word_1_444' title='bbox 698 3186 784 3241; x_wconf 80' lang='lat' dir='ltr'><strong>rientre</strong></span> <span class='ocrx_word' id='word_1_445' title='bbox 799 3185 935 3249; x_wconf 83' lang='lat' dir='ltr'><strong>scandala,</strong></span> <span class='ocrx_word' id='word_1_446' title='bbox 958 3187 1004 3241; x_wconf 81' lang='lat' dir='ltr'><strong>scil</strong></span> 
     </span>
     <span class='ocr_line' id='line_1_62' title="bbox 213 3273 1005 3353; baseline -0.009 -17"><span class='ocrx_word' id='word_1_447' title='bbox 213 3298 253 3337; x_wconf 79' lang='grc' dir='ltr'><strong>ιιι</strong></span> <span class='ocrx_word' id='word_1_448' title='bbox 264 3281 303 3336; x_wconf 90' lang='lat' dir='ltr'><strong>illi</strong></span> <span class='ocrx_word' id='word_1_449' title='bbox 312 3298 359 3353; x_wconf 87' lang='lat' dir='ltr'><strong>per</strong></span> <span class='ocrx_word' id='word_1_450' title='bbox 368 3297 442 3352; x_wconf 75' lang='lat' dir='ltr'><strong>piem</strong></span> <span class='ocrx_word' id='word_1_451' title='bbox 452 3280 556 3335; x_wconf 81' lang='lat' dir='ltr'><strong>reniam</strong></span> <span class='ocrx_word' id='word_1_452' title='bbox 566 3275 675 3348; x_wconf 77' lang='lat' dir='ltr'><strong>(diiii.</strong></span> <span class='ocrx_word' id='word_1_453' title='bbox 687 3276 771 3345; x_wconf 78' lang='lat' dir='ltr'><strong>xiiii).</strong></span> <span class='ocrx_word' id='word_1_454' title='bbox 787 3273 821 3328; x_wconf 86' lang='lat' dir='ltr'><strong>Et</strong></span> <span class='ocrx_word' id='word_1_455' title='bbox 831 3275 924 3329; x_wconf 89' lang='lat' dir='ltr'><strong>beatus</strong></span> <span class='ocrx_word' id='word_1_456' title='bbox 936 3277 1005 3344; x_wconf 79' lang='lat' dir='ltr'><strong>Apo</strong></span> 
     </span>
     <span class='ocr_line' id='line_1_63' title="bbox 213 3362 1004 3440; baseline -0.009 -16"><span class='ocrx_word' id='word_1_457' title='bbox 213 3368 301 3425; x_wconf 84' lang='lat' dir='ltr'><strong>stolus</strong></span> <span class='ocrx_word' id='word_1_458' title='bbox 311 3365 391 3425; x_wconf 84' lang='lat' dir='ltr'><strong>simili</strong></span> <span class='ocrx_word' id='word_1_459' title='bbox 404 3368 533 3440; x_wconf 75' lang='lat' dir='ltr'><strong>praedicat</strong></span> <span class='ocrx_word' id='word_1_460' title='bbox 547 3367 651 3423; x_wconf 88' lang='lat' dir='ltr'><strong>ratione</strong></span> <span class='ocrx_word' id='word_1_461' title='bbox 666 3384 672 3419; x_wconf 91' lang='lat'>:</span> <span class='ocrx_word' id='word_1_462' title='bbox 697 3365 803 3421; x_wconf 85' lang='lat' dir='ltr'><strong>Urinam</strong></span> <span class='ocrx_word' id='word_1_463' title='bbox 816 3373 840 3418; x_wconf 89' lang='lat' dir='ltr'><strong>et</strong></span> <span class='ocrx_word' id='word_1_464' title='bbox 851 3362 1004 3418; x_wconf 69' lang='lat' dir='ltr'><strong>norandin-</strong></span> 
     </span>
     <span class='ocr_line' id='line_1_64' title="bbox 214 3451 1003 3530; baseline -0.008 -19"><span class='ocrx_word' id='word_1_465' title='bbox 214 3469 258 3512; x_wconf 79' lang='grc' dir='ltr'><strong>ιιι</strong></span> <span class='ocrx_word' id='word_1_466' title='bbox 271 3460 316 3530; x_wconf 89' lang='lat' dir='ltr'><strong>qai</strong></span> <span class='ocrx_word' id='word_1_467' title='bbox 328 3475 372 3514; x_wconf 85' lang='lat' dir='ltr'><strong>raa</strong></span> <span class='ocrx_word' id='word_1_468' title='bbox 386 3456 539 3514; x_wconf 84' lang='lat' dir='ltr'><strong>conturbant</strong></span> <span class='ocrx_word' id='word_1_469' title='bbox 556 3453 660 3527; x_wconf 84' lang='lat' dir='ltr'><strong>(Galat.</strong></span> <span class='ocrx_word' id='word_1_470' title='bbox 674 3453 712 3525; x_wconf 86' lang='grc' dir='ltr'>ι).</span> <span class='ocrx_word' id='word_1_471' title='bbox 735 3451 767 3506; x_wconf 83' lang='lat' dir='ltr'><strong>Et</strong></span> <span class='ocrx_word' id='word_1_472' title='bbox 791 3452 888 3507; x_wconf 84' lang='lat' dir='ltr'><strong>iterum</strong></span> <span class='ocrx_word' id='word_1_473' title='bbox 911 3460 1003 3507; x_wconf 89' lang='lat' dir='ltr'><strong>sancta</strong></span> 
     </span>
     <span class='ocr_line' id='line_1_65' title="bbox 213 3540 1004 3619; baseline -0.014 -16"><span class='ocrx_word' id='word_1_474' title='bbox 213 3548 356 3619; x_wconf 85' lang='lat' dir='ltr'><strong>Scriptura</strong></span> <span class='ocrx_word' id='word_1_475' title='bbox 370 3563 419 3603; x_wconf 89' lang='lat' dir='ltr'><strong>nus</strong></span> <span class='ocrx_word' id='word_1_476' title='bbox 438 3551 601 3611; x_wconf 78' lang='lat' dir='ltr'><strong>commonet,</strong></span> <span class='ocrx_word' id='word_1_477' title='bbox 618 3542 709 3598; x_wconf 90' lang='lat' dir='ltr'><strong>dicens</strong></span> <span class='ocrx_word' id='word_1_478' title='bbox 726 3560 732 3595; x_wconf 91' lang='lat'>:</span> <span class='ocrx_word' id='word_1_479' title='bbox 749 3540 824 3612; x_wconf 72' lang='lat' dir='ltr'><strong>Eiice</strong></span> <span class='ocrx_word' id='word_1_480' title='bbox 846 3540 1004 3611; x_wconf 82' lang='lat' dir='ltr'><strong>pestilentem</strong></span> 
     </span>
     <span class='ocr_line' id='line_1_66' title="bbox 214 3631 1004 3705; baseline -0.011 -12"><span class='ocrx_word' id='word_1_481' title='bbox 214 3641 248 3693; x_wconf 88' lang='lat' dir='ltr'><strong>ile</strong></span> <span class='ocrx_word' id='word_1_482' title='bbox 275 3639 436 3702; x_wconf 63' lang='lat' dir='ltr'><strong>concilicet</strong></span> <span class='ocrx_word' id='word_1_483' title='bbox 459 3639 526 3692; x_wconf 77' lang='lat' dir='ltr'><strong>calet</strong></span> <span class='ocrx_word' id='word_1_484' title='bbox 540 3651 642 3690; x_wconf 87' lang='lat' dir='ltr'><strong>cumea</strong></span> <span class='ocrx_word' id='word_1_485' title='bbox 661 3633 778 3705; x_wconf 78' lang='lat' dir='ltr'><strong>jarqium</strong></span> <span class='ocrx_word' id='word_1_486' title='bbox 802 3631 897 3700; x_wconf 74' lang='lat' dir='ltr'><strong>(Pr-aii.</strong></span> <span class='ocrx_word' id='word_1_487' title='bbox 925 3633 1004 3699; x_wconf 79' lang='lat' dir='ltr'><strong>inii).</strong></span> 
     </span>
     <span class='ocr_line' id='line_1_67' title="bbox 215 3707 1004 3798; baseline -0.008 -14"><span class='ocrx_word' id='word_1_488' title='bbox 215 3730 330 3798; x_wconf 86' lang='lat' dir='ltr'><strong>Oportet</strong></span> <span class='ocrx_word' id='word_1_489' title='bbox 348 3743 413 3796; x_wconf 85' lang='lat' dir='ltr'><strong>erga</strong></span> <span class='ocrx_word' id='word_1_490' title='bbox 437 3744 487 3784; x_wconf 88' lang='lat' dir='ltr'><strong>nos</strong></span> <span class='ocrx_word' id='word_1_491' title='bbox 509 3726 565 3797; x_wconf 89' lang='lat' dir='ltr'><strong>jam</strong></span> <span class='ocrx_word' id='word_1_492' title='bbox 588 3707 752 3795; x_wconf 70' lang='lat' dir='ltr'><strong>posticulas</strong></span> <span class='ocrx_word' id='word_1_493' title='bbox 766 3722 961 3779; x_wconf 84' lang='lat' dir='ltr'><strong>admonitiones</strong></span> <span class='ocrx_word' id='word_1_494' title='bbox 978 3725 1004 3778; x_wconf 88' lang='lat' dir='ltr'><strong>iri</strong></span> 
     </span>
     <span class='ocr_line' id='line_1_68' title="bbox 215 3813 1005 3888; baseline -0.009 -15"><span class='ocrx_word' id='word_1_495' title='bbox 215 3819 294 3875; x_wconf 85' lang='lat' dir='ltr'><strong>robis</strong></span> <span class='ocrx_word' id='word_1_496' title='bbox 311 3819 339 3888; x_wconf 75' lang='lat'><strong>¹⁸,</strong></span> <span class='ocrx_word' id='word_1_497' title='bbox 366 3818 476 3874; x_wconf 86' lang='lat' dir='ltr'><strong>llustice</strong></span> <span class='ocrx_word' id='word_1_498' title='bbox 502 3825 530 3873; x_wconf 91' lang='lat' dir='ltr'><strong>et</strong></span> <span class='ocrx_word' id='word_1_499' title='bbox 552 3815 720 3881; x_wconf 72' lang='lat' dir='ltr'><strong>sebastiane,</strong></span> <span class='ocrx_word' id='word_1_500' title='bbox 745 3829 794 3883; x_wconf 89' lang='lat' dir='ltr'><strong>per</strong></span> <span class='ocrx_word' id='word_1_501' title='bbox 817 3813 1005 3868; x_wconf 86' lang='lat' dir='ltr'><strong>auctoritatem</strong></span> 
     </span>
     <span class='ocr_line' id='line_1_69' title="bbox 215 3904 1006 3979; baseline -0.01 -13"><span class='ocrx_word' id='word_1_502' title='bbox 215 3912 287 3966; x_wconf 87' lang='lat' dir='ltr'><strong>beati</strong></span> <span class='ocrx_word' id='word_1_503' title='bbox 302 3911 385 3972; x_wconf 85' lang='lat' dir='ltr'><strong>Petri.</strong></span> <span class='ocrx_word' id='word_1_504' title='bbox 401 3909 476 3979; x_wconf 87' lang='lat' dir='ltr'><strong>eujus</strong></span> <span class='ocrx_word' id='word_1_505' title='bbox 488 3925 537 3965; x_wconf 85' lang='lat' dir='ltr'><strong>nos</strong></span> <span class='ocrx_word' id='word_1_506' title='bbox 546 3906 676 3963; x_wconf 79' lang='lat' dir='ltr'><strong>Dominus</strong></span> <span class='ocrx_word' id='word_1_507' title='bbox 695 3904 746 3961; x_wconf 88' lang='lat' dir='ltr'><strong>sibi</strong></span> <span class='ocrx_word' id='word_1_508' title='bbox 760 3904 846 3959; x_wconf 91' lang='lat' dir='ltr'><strong>voluit</strong></span> <span class='ocrx_word' id='word_1_509' title='bbox 865 3904 924 3959; x_wconf 79' lang='lat' dir='ltr'><strong>tice</strong></span> <span class='ocrx_word' id='word_1_510' title='bbox 947 3919 1006 3959; x_wconf 90' lang='lat' dir='ltr'><strong>ser-</strong></span> 
     </span>
     <span class='ocr_line' id='line_1_70' title="bbox 216 3987 1005 4071; baseline -0.009 -16"><span class='ocrx_word' id='word_1_511' title='bbox 216 4005 284 4068; x_wconf 83' lang='lat' dir='ltr'><strong>rire,</strong></span> <span class='ocrx_word' id='word_1_512' title='bbox 300 4002 459 4071; x_wconf 75' lang='lat' dir='ltr'><strong>regulariter</strong></span> <span class='ocrx_word' id='word_1_513' title='bbox 473 4000 619 4064; x_wconf 86' lang='lat' dir='ltr'><strong>uindicare,</strong></span> <span class='ocrx_word' id='word_1_514' title='bbox 636 4005 779 4067; x_wconf 89' lang='lat' dir='ltr'><strong>propterea</strong></span> <span class='ocrx_word' id='word_1_515' title='bbox 795 3987 833 4051; x_wconf 73' lang='lat' dir='ltr'><strong>ne</strong></span> <span class='ocrx_word' id='word_1_516' title='bbox 842 3995 863 4050; x_wconf 94' lang='lat' dir='ltr'><strong>si</strong></span> <span class='ocrx_word' id='word_1_517' title='bbox 876 3995 932 4066; x_wconf 84' lang='lat' dir='ltr'><strong>jam</strong></span> <span class='ocrx_word' id='word_1_518' title='bbox 946 3993 1005 4049; x_wconf 93' lang='lat' dir='ltr'><strong>diu·</strong></span> 
     </span>
     <span class='ocr_line' id='line_1_71' title="bbox 217 4086 1004 4158; baseline -0.013 -8"><span class='ocrx_word' id='word_1_519' title='bbox 217 4093 446 4158; x_wconf 80' lang='lat' dir='ltr'><strong>eiusdilieranius,</strong></span> <span class='ocrx_word' id='word_1_520' title='bbox 470 4092 557 4149; x_wconf 90' lang='lat' dir='ltr'><strong>omnis</strong></span> <span class='ocrx_word' id='word_1_521' title='bbox 576 4088 776 4146; x_wconf 86' lang='lat' dir='ltr'><strong>ecclesiasticus</strong></span> <span class='ocrx_word' id='word_1_522' title='bbox 789 4086 856 4142; x_wconf 90' lang='lat' dir='ltr'><strong>ordo</strong></span> <span class='ocrx_word' id='word_1_523' title='bbox 875 4086 1004 4141; x_wconf 82' lang='lat' dir='ltr'><strong>solvatur.</strong></span> 
     </span>
     <span class='ocr_line' id='line_1_72' title="bbox 216 4176 1005 4253; baseline -0.009 -17"><span class='ocrx_word' id='word_1_524' title='bbox 216 4183 335 4252; x_wconf 88' lang='lat' dir='ltr'><strong>ideoque</strong></span> <span class='ocrx_word' id='word_1_525' title='bbox 348 4182 420 4253; x_wconf 87' lang='lat' dir='ltr'><strong>quod</strong></span> <span class='ocrx_word' id='word_1_526' title='bbox 434 4198 450 4237; x_wconf 92' lang='lat' dir='ltr'><strong>a</strong></span> <span class='ocrx_word' id='word_1_527' title='bbox 464 4182 540 4237; x_wconf 90' lang='lat' dir='ltr'><strong>nobis</strong></span> <span class='ocrx_word' id='word_1_528' title='bbox 568 4195 629 4236; x_wconf 93' lang='lat' dir='ltr'><strong>cum</strong></span> <span class='ocrx_word' id='word_1_529' title='bbox 652 4179 772 4248; x_wconf 84' lang='lat' dir='ltr'><strong>gemitu,</strong></span> <span class='ocrx_word' id='word_1_530' title='bbox 796 4177 845 4233; x_wconf 89' lang='lat' dir='ltr'><strong>sed</strong></span> <span class='ocrx_word' id='word_1_531' title='bbox 860 4192 919 4231; x_wconf 90' lang='lat' dir='ltr'><strong>cuin</strong></span> <span class='ocrx_word' id='word_1_532' title='bbox 934 4176 1005 4231; x_wconf 87' lang='lat' dir='ltr'><strong>beati</strong></span> 
     </span>
     <span class='ocr_line' id='line_1_73' title="bbox 217 4267 1007 4338; baseline -0.008 -11"><span class='ocrx_word' id='word_1_533' title='bbox 217 4274 291 4328; x_wconf 88' lang='lat' dir='ltr'><strong>i‘ctri</strong></span> <span class='ocrx_word' id='word_1_534' title='bbox 306 4273 466 4329; x_wconf 77' lang='lat' dir='ltr'><strong>audoiitate</strong></span> <span class='ocrx_word' id='word_1_535' title='bbox 480 4270 620 4327; x_wconf 88' lang='lat' dir='ltr'><strong>dicendum</strong></span> <span class='ocrx_word' id='word_1_536' title='bbox 631 4277 682 4334; x_wconf 90' lang='lat' dir='ltr'><strong>cst,</strong></span> <span class='ocrx_word' id='word_1_537' title='bbox 698 4284 746 4338; x_wconf 88' lang='lat' dir='ltr'><strong>pro</strong></span> <span class='ocrx_word' id='word_1_538' title='bbox 759 4267 945 4338; x_wconf 68' lang='lat' dir='ltr'><strong>suprascriptis</strong></span> <span class='ocrx_word' id='word_1_539' title='bbox 959 4282 1007 4321; x_wconf 89' lang='lat' dir='ltr'><strong>eii·</strong></span> 
     </span>
     <span class='ocr_line' id='line_1_74' title="bbox 217 4357 1007 4420; baseline -0.009 0"><span class='ocrx_word' id='word_1_540' title='bbox 217 4367 337 4420; x_wconf 79' lang='lat' dir='ltr'><strong>cessitius</strong></span> <span class='ocrx_word' id='word_1_541' title='bbox 351 4365 454 4420; x_wconf 91' lang='lat' dir='ltr'><strong>alienos</strong></span> <span class='ocrx_word' id='word_1_542' title='bbox 468 4380 515 4420; x_wconf 87' lang='lat' dir='ltr'><strong>ros</strong></span> <span class='ocrx_word' id='word_1_543' title='bbox 536 4378 552 4417; x_wconf 94' lang='lat' dir='ltr'><strong>a</strong></span> <span class='ocrx_word' id='word_1_544' title='bbox 567 4361 672 4418; x_wconf 90' lang='lat' dir='ltr'><strong>diaconi</strong></span> <span class='ocrx_word' id='word_1_545' title='bbox 696 4357 704 4397; x_wconf 71' lang='lat' dir='ltr'><strong>i</strong></span> <span class='ocrx_word' id='word_1_546' title='bbox 723 4375 782 4416; x_wconf 85' lang='lat' dir='ltr'><strong>esse</strong></span> <span class='ocrx_word' id='word_1_547' title='bbox 796 4359 900 4414; x_wconf 86' lang='lat' dir='ltr'><strong>bonore</strong></span> <span class='ocrx_word' id='word_1_548' title='bbox 914 4359 1007 4414; x_wconf 91' lang='lat' dir='ltr'><strong>decer-</strong></span> 
     </span>
    </p>
   </div>
   <div class='ocr_carea' id='block_1_9' title="bbox 1055 3189 1849 4437">
    <p class='ocr_par' dir='ltr' id='par_1_9' title="bbox 1055 3189 1849 4437">
     <span class='ocr_line' id='line_1_75' title="bbox 1056 3189 1844 3264; baseline -0.003 -15"><span class='ocrx_word' id='word_1_549' title='bbox 1056 3194 1159 3263; x_wconf 85' lang='lat' dir='ltr'><strong>ticipes‚</strong></span> <span class='ocrx_word' id='word_1_550' title='bbox 1170 3208 1238 3263; x_wconf 90' lang='lat' dir='ltr'><strong>quas</strong></span> <span class='ocrx_word' id='word_1_551' title='bbox 1250 3207 1299 3249; x_wconf 86' lang='lat' dir='ltr'><strong>nos</strong></span> <span class='ocrx_word' id='word_1_552' title='bbox 1311 3200 1436 3264; x_wconf 88' lang='lat' dir='ltr'><strong>potentes</strong></span> <span class='ocrx_word' id='word_1_553' title='bbox 1450 3189 1460 3232; x_wconf 83' lang='lat'><strong>¹</strong></span> <span class='ocrx_word' id='word_1_554' title='bbox 1472 3193 1568 3254; x_wconf 87' lang='lat' dir='ltr'><strong>bonos,</strong></span> <span class='ocrx_word' id='word_1_555' title='bbox 1582 3192 1697 3251; x_wconf 85' lang='lat' dir='ltr'><strong>militare</strong></span> <span class='ocrx_word' id='word_1_556' title='bbox 1705 3190 1844 3253; x_wconf 74' lang='lat' dir='ltr'><strong>Ecclesia,</strong></span> 
     </span>
     <span class='ocr_line' id='line_1_76' title="bbox 1055 3285 1843 3358; baseline 0 -16"><span class='ocrx_word' id='word_1_557' title='bbox 1055 3287 1098 3343; x_wconf 92' lang='lat' dir='ltr'><strong>ciri</strong></span> <span class='ocrx_word' id='word_1_558' title='bbox 1114 3285 1169 3342; x_wconf 83' lang='lat' dir='ltr'><strong>beo</strong></span> <span class='ocrx_word' id='word_1_559' title='bbox 1183 3286 1356 3357; x_wconf 73' lang='lat' dir='ltr'><strong>presidemus</strong></span> <span class='ocrx_word' id='word_1_560' title='bbox 1367 3295 1488 3354; x_wconf 77' lang='lat' dir='ltr'><strong>andare,</strong></span> <span class='ocrx_word' id='word_1_561' title='bbox 1500 3294 1594 3343; x_wconf 89' lang='lat' dir='ltr'><strong>nostro</strong></span> <span class='ocrx_word' id='word_1_562' title='bbox 1607 3295 1729 3358; x_wconf 85' lang='lat' dir='ltr'><strong>tempore</strong></span> <span class='ocrx_word' id='word_1_563' title='bbox 1743 3286 1843 3344; x_wconf 84' lang='lat' dir='ltr'><strong>leoena·</strong></span> 
     </span>
     <span class='ocr_line' id='line_1_77' title="bbox 1057 3376 1834 3448; baseline 0 -16"><span class='ocrx_word' id='word_1_564' title='bbox 1057 3393 1117 3432; x_wconf 88' lang='lat' dir='ltr'><strong>mus</strong></span> <span class='ocrx_word' id='word_1_565' title='bbox 1132 3396 1138 3429; x_wconf 92' lang='lat'>:</span> <span class='ocrx_word' id='word_1_566' title='bbox 1157 3383 1247 3431; x_wconf 89' lang='lat' dir='ltr'><strong>tamen</strong></span> <span class='ocrx_word' id='word_1_567' title='bbox 1262 3383 1290 3431; x_wconf 88' lang='lat' dir='ltr'><strong>ut</strong></span> <span class='ocrx_word' id='word_1_568' title='bbox 1300 3385 1328 3431; x_wconf 91' lang='lat' dir='ltr'><strong>et</strong></span> <span class='ocrx_word' id='word_1_569' title='bbox 1340 3377 1391 3447; x_wconf 91' lang='lat' dir='ltr'><strong>ipsi</strong></span> <span class='ocrx_word' id='word_1_570' title='bbox 1404 3377 1508 3448; x_wconf 91' lang='lat' dir='ltr'><strong>possint</strong></span> <span class='ocrx_word' id='word_1_571' title='bbox 1521 3386 1549 3432; x_wconf 90' lang='lat' dir='ltr'><strong>et</strong></span> <span class='ocrx_word' id='word_1_572' title='bbox 1563 3376 1661 3433; x_wconf 81' lang='lat' dir='ltr'><strong>diversi</strong></span> <span class='ocrx_word' id='word_1_573' title='bbox 1671 3391 1834 3447; x_wconf 73' lang='lat' dir='ltr'><strong>cognoscere</strong></span> 
     </span>
     <span class='ocr_line' id='line_1_78' title="bbox 1056 3465 1844 3525; baseline 0.003 -4"><span class='ocrx_word' id='word_1_574' title='bbox 1056 3466 1090 3521; x_wconf 89' lang='lat' dir='ltr'><strong>dc</strong></span> <span class='ocrx_word' id='word_1_575' title='bbox 1112 3465 1338 3521; x_wconf 87' lang='lat' dir='ltr'><strong>subdiaconorum</strong></span> <span class='ocrx_word' id='word_1_576' title='bbox 1364 3475 1392 3521; x_wconf 90' lang='lat' dir='ltr'><strong>et</strong></span> <span class='ocrx_word' id='word_1_577' title='bbox 1412 3467 1580 3524; x_wconf 90' lang='lat' dir='ltr'><strong>notariorum</strong></span> <span class='ocrx_word' id='word_1_578' title='bbox 1608 3467 1650 3523; x_wconf 83' lang='lat' dir='ltr'><strong>rel</strong></span> <span class='ocrx_word' id='word_1_579' title='bbox 1674 3467 1844 3525; x_wconf 78' lang='lat' dir='ltr'><strong>defensurum</strong></span> 
     </span>
     <span class='ocr_line' id='line_1_79' title="bbox 1056 3554 1844 3627; baseline 0.001 -16"><span class='ocrx_word' id='word_1_580' title='bbox 1056 3554 1277 3625; x_wconf 78' lang='lat' dir='ltr'><strong>oiiieiapresenti</strong></span> <span class='ocrx_word' id='word_1_581' title='bbox 1289 3555 1458 3610; x_wconf 88' lang='lat' dir='ltr'><strong>sesententia</strong></span> <span class='ocrx_word' id='word_1_582' title='bbox 1468 3555 1593 3610; x_wconf 82' lang='lat' dir='ltr'><strong>noverint</strong></span> <span class='ocrx_word' id='word_1_583' title='bbox 1604 3555 1686 3612; x_wconf 86' lang='lat' dir='ltr'><strong>luisse</strong></span> <span class='ocrx_word' id='word_1_584' title='bbox 1696 3556 1844 3627; x_wconf 81' lang='lat' dir='ltr'><strong>depositas,</strong></span> 
     </span>
     <span class='ocr_line' id='line_1_80' title="bbox 1056 3642 1846 3713; baseline 0.006 -16"><span class='ocrx_word' id='word_1_585' title='bbox 1056 3651 1084 3697; x_wconf 91' lang='lat' dir='ltr'><strong>et</strong></span> <span class='ocrx_word' id='word_1_586' title='bbox 1098 3643 1199 3698; x_wconf 85' lang='lat' dir='ltr'><strong>nullum</strong></span> <span class='ocrx_word' id='word_1_587' title='bbox 1213 3644 1319 3713; x_wconf 90' lang='lat' dir='ltr'><strong>penitus</strong></span> <span class='ocrx_word' id='word_1_588' title='bbox 1331 3643 1358 3699; x_wconf 88' lang='lat' dir='ltr'><strong>in</strong></span> <span class='ocrx_word' id='word_1_589' title='bbox 1370 3642 1490 3700; x_wconf 87' lang='lat' dir='ltr'><strong>Ecclesia</strong></span> <span class='ocrx_word' id='word_1_590' title='bbox 1501 3651 1594 3700; x_wconf 90' lang='lat' dir='ltr'><strong>nostra</strong></span> <span class='ocrx_word' id='word_1_591' title='bbox 1608 3645 1719 3713; x_wconf 80' lang='lat' dir='ltr'><strong>gradun</strong></span> <span class='ocrx_word' id='word_1_592' title='bbox 1733 3646 1846 3702; x_wconf 83' lang='lat' dir='ltr'><strong>ulterius</strong></span> 
     </span>
     <span class='ocr_line' id='line_1_81' title="bbox 1056 3732 1847 3805; baseline 0.004 -16"><span class='ocrx_word' id='word_1_593' title='bbox 1056 3733 1194 3799; x_wconf 86' lang='lat' dir='ltr'><strong>detinere;</strong></span> <span class='ocrx_word' id='word_1_594' title='bbox 1218 3734 1268 3789; x_wconf 90' lang='lat' dir='ltr'><strong>uisi</strong></span> <span class='ocrx_word' id='word_1_595' title='bbox 1294 3732 1378 3801; x_wconf 84' lang='lat' dir='ltr'><strong>luite,</strong></span> <span class='ocrx_word' id='word_1_596' title='bbox 1393 3735 1464 3790; x_wconf 86' lang='lat' dir='ltr'><strong>sieut</strong></span> <span class='ocrx_word' id='word_1_597' title='bbox 1485 3733 1588 3805; x_wconf 79' lang='lat' dir='ltr'><strong>praelati</strong></span> <span class='ocrx_word' id='word_1_598' title='bbox 1608 3736 1802 3803; x_wconf 80' lang='lat' dir='ltr'><strong>sirnros,.nobis</strong></span> <span class='ocrx_word' id='word_1_599' title='bbox 1819 3737 1847 3792; x_wconf 90' lang='lat' dir='ltr'><strong>iii</strong></span> 
     </span>
     <span class='ocr_line' id='line_1_82' title="bbox 1057 3823 1848 3896; baseline 0.008 -19"><span class='ocrx_word' id='word_1_600' title='bbox 1057 3825 1108 3880; x_wconf 88' lang='lat' dir='ltr'><strong>lrac</strong></span> <span class='ocrx_word' id='word_1_601' title='bbox 1129 3823 1189 3879; x_wconf 88' lang='lat' dir='ltr'><strong>luce</strong></span> <span class='ocrx_word' id='word_1_602' title='bbox 1203 3823 1408 3894; x_wconf 89' lang='lat' dir='ltr'><strong>superstitibus,</strong></span> <span class='ocrx_word' id='word_1_603' title='bbox 1423 3833 1451 3880; x_wconf 90' lang='lat' dir='ltr'><strong>et</strong></span> <span class='ocrx_word' id='word_1_604' title='bbox 1465 3824 1515 3896; x_wconf 86' lang='lat' dir='ltr'><strong>ipsi</strong></span> <span class='ocrx_word' id='word_1_605' title='bbox 1529 3825 1695 3894; x_wconf 77' lang='lat' dir='ltr'><strong>peanitentiae</strong></span> <span class='ocrx_word' id='word_1_606' title='bbox 1709 3827 1848 3883; x_wconf 70' lang='grc' dir='ltr'>ιιιοιίιῑι</span> 
     </span>
     <span class='ocr_line' id='line_1_83' title="bbox 1057 3912 1847 3983; baseline 0.006 -15"><span class='ocrx_word' id='word_1_607' title='bbox 1057 3913 1124 3968; x_wconf 91' lang='lat' dir='ltr'><strong>colla</strong></span> <span class='ocrx_word' id='word_1_608' title='bbox 1139 3912 1323 3969; x_wconf 88' lang='lat' dir='ltr'><strong>submiserint.</strong></span> <span class='ocrx_word' id='word_1_609' title='bbox 1334 3912 1451 3970; x_wconf 79' lang='lat' dir='ltr'><strong>Felicem</strong></span> <span class='ocrx_word' id='word_1_610' title='bbox 1463 3914 1545 3970; x_wconf 88' lang='lat' dir='ltr'><strong>etiam</strong></span> <span class='ocrx_word' id='word_1_611' title='bbox 1565 3916 1728 3974; x_wconf 85' lang='lat' dir='ltr'><strong>nroitaelrom</strong></span> <span class='ocrx_word' id='word_1_612' title='bbox 1740 3914 1847 3983; x_wconf 78' lang='lat' dir='ltr'><strong>asinar,</strong></span> 
     </span>
     <span class='ocr_line' id='line_1_84' title="bbox 1059 4002 1849 4078; baseline 0.003 -19"><span class='ocrx_word' id='word_1_613' title='bbox 1059 4006 1103 4075; x_wconf 89' lang='lat' dir='ltr'><strong>qni</strong></span> <span class='ocrx_word' id='word_1_614' title='bbox 1118 4002 1245 4061; x_wconf 86' lang='lat' dir='ltr'><strong>Gillitano</strong></span> <span class='ocrx_word' id='word_1_615' title='bbox 1268 4005 1433 4060; x_wconf 87' lang='lat' dir='ltr'><strong>monasterio</strong></span> <span class='ocrx_word' id='word_1_616' title='bbox 1448 4005 1547 4063; x_wconf 89' lang='lat' dir='ltr'><strong>dicitur</strong></span> <span class='ocrx_word' id='word_1_617' title='bbox 1571 4005 1721 4078; x_wconf 71' lang='lat' dir='ltr'><strong>proluisse,</strong></span> <span class='ocrx_word' id='word_1_618' title='bbox 1741 4015 1769 4062; x_wconf 88' lang='lat' dir='ltr'><strong>et</strong></span> <span class='ocrx_word' id='word_1_619' title='bbox 1782 4006 1849 4062; x_wconf 69' lang='lat' dir='ltr'><strong>leri»</strong></span> 
     </span>
     <span class='ocr_line' id='line_1_85' title="bbox 1060 4095 1848 4168; baseline 0.006 -18"><span class='ocrx_word' id='word_1_620' title='bbox 1060 4104 1114 4151; x_wconf 88' lang='lat' dir='ltr'><strong>tate</strong></span> <span class='ocrx_word' id='word_1_621' title='bbox 1128 4111 1175 4151; x_wconf 87' lang='lat' dir='ltr'><strong>sua</strong></span> <span class='ocrx_word' id='word_1_622' title='bbox 1188 4103 1269 4165; x_wconf 89' lang='lat' dir='ltr'><strong>atque</strong></span> <span class='ocrx_word' id='word_1_623' title='bbox 1280 4095 1460 4151; x_wconf 89' lang='lat' dir='ltr'><strong>inconstantia</strong></span> <span class='ocrx_word' id='word_1_624' title='bbox 1474 4098 1709 4166; x_wconf 74' lang='lat' dir='ltr'><strong>congregationem</strong></span> <span class='ocrx_word' id='word_1_625' title='bbox 1728 4099 1848 4168; x_wconf 80' lang='lat' dir='ltr'><strong>eiusdem</strong></span> 
     </span>
     <span class='ocr_line' id='line_1_86' title="bbox 1060 4184 1846 4259; baseline 0.011 -19"><span class='ocrx_word' id='word_1_626' title='bbox 1060 4185 1214 4241; x_wconf 89' lang='lat' dir='ltr'><strong>monasterii</strong></span> <span class='ocrx_word' id='word_1_627' title='bbox 1225 4201 1275 4256; x_wconf 90' lang='lat' dir='ltr'><strong>per</strong></span> <span class='ocrx_word' id='word_1_628' title='bbox 1287 4184 1393 4241; x_wconf 84' lang='lat' dir='ltr'><strong>diversa</strong></span> <span class='ocrx_word' id='word_1_629' title='bbox 1408 4187 1468 4243; x_wconf 89' lang='lat' dir='ltr'><strong>loca</strong></span> <span class='ocrx_word' id='word_1_630' title='bbox 1494 4197 1597 4244; x_wconf 86' lang='lat' dir='ltr'><strong>eertum</strong></span> <span class='ocrx_word' id='word_1_631' title='bbox 1616 4199 1658 4244; x_wconf 88' lang='lat' dir='ltr'><strong>est</strong></span> <span class='ocrx_word' id='word_1_632' title='bbox 1677 4189 1846 4259; x_wconf 79' lang='lat' dir='ltr'><strong>dispersisse.</strong></span> 
     </span>
     <span class='ocr_line' id='line_1_87' title="bbox 1060 4275 1849 4350; baseline 0.003 -17"><span class='ocrx_word' id='word_1_633' title='bbox 1060 4286 1087 4333; x_wconf 89' lang='lat' dir='ltr'><strong>et</strong></span> <span class='ocrx_word' id='word_1_634' title='bbox 1099 4286 1195 4332; x_wconf 82' lang='lat' dir='ltr'><strong>restrae</strong></span> <span class='ocrx_word' id='word_1_635' title='bbox 1207 4275 1347 4347; x_wconf 79' lang='lat' dir='ltr'><strong>pravitatis</strong></span> <span class='ocrx_word' id='word_1_636' title='bbox 1367 4280 1491 4334; x_wconf 85' lang='lat' dir='ltr'><strong>incentor</strong></span> <span class='ocrx_word' id='word_1_637' title='bbox 1504 4287 1554 4346; x_wconf 89' lang='lat' dir='ltr'><strong>est,</strong></span> <span class='ocrx_word' id='word_1_638' title='bbox 1568 4295 1630 4335; x_wconf 89' lang='lat' dir='ltr'><strong>cani</strong></span> <span class='ocrx_word' id='word_1_639' title='bbox 1645 4280 1788 4349; x_wconf 81' lang='lat' dir='ltr'><strong>universis,</strong></span> <span class='ocrx_word' id='word_1_640' title='bbox 1803 4284 1849 4350; x_wconf 88' lang='lat' dir='ltr'><strong>qiri</strong></span> 
     </span>
     <span class='ocr_line' id='line_1_88' title="bbox 1060 4366 1847 4437; baseline 0.003 -16"><span class='ocrx_word' id='word_1_641' title='bbox 1060 4382 1122 4422; x_wconf 89' lang='lat' dir='ltr'><strong>euin</strong></span> <span class='ocrx_word' id='word_1_642' title='bbox 1136 4366 1178 4422; x_wconf 88' lang='lat' dir='ltr'><strong>rel</strong></span> <span class='ocrx_word' id='word_1_643' title='bbox 1193 4381 1251 4429; x_wconf 83' lang='lat' dir='ltr'><strong>uos,</strong></span> <span class='ocrx_word' id='word_1_644' title='bbox 1277 4374 1331 4420; x_wconf 90' lang='lat' dir='ltr'><strong>tam</strong></span> <span class='ocrx_word' id='word_1_645' title='bbox 1354 4367 1444 4423; x_wconf 87' lang='lat' dir='ltr'><strong>clerici</strong></span> <span class='ocrx_word' id='word_1_646' title='bbox 1457 4367 1501 4424; x_wconf 83' lang='lat' dir='ltr'><strong>rel</strong></span> <span class='ocrx_word' id='word_1_647' title='bbox 1524 4367 1660 4433; x_wconf 87' lang='lat' dir='ltr'><strong>monachi,</strong></span> <span class='ocrx_word' id='word_1_648' title='bbox 1673 4382 1753 4437; x_wconf 85' lang='lat' dir='ltr'><strong>quam</strong></span> <span class='ocrx_word' id='word_1_649' title='bbox 1776 4369 1847 4431; x_wconf 83' lang='lat' dir='ltr'><strong>laici.</strong></span> 
     </span>
    </p>
   </div>
   <div class='ocr_carea' id='block_1_10' title="bbox 218 4449 1851 4542">
    <p class='ocr_par' dir='ltr' id='par_1_10' title="bbox 218 4449 1851 4542">
     <span class='ocr_line' id='line_1_89' title="bbox 218 4449 1851 4542; baseline -0.002 -32"><span class='ocrx_word' id='word_1_650' title='bbox 218 4458 317 4521; x_wconf 83' lang='lat' dir='ltr'><strong>niinus,</strong></span> <span class='ocrx_word' id='word_1_651' title='bbox 333 4466 361 4512; x_wconf 89' lang='lat' dir='ltr'><strong>et</strong></span> <span class='ocrx_word' id='word_1_652' title='bbox 372 4457 444 4513; x_wconf 90' lang='lat' dir='ltr'><strong>omui</strong></span> <span class='ocrx_word' id='word_1_653' title='bbox 458 4455 608 4510; x_wconf 85' lang='lat' dir='ltr'><strong>ministeriu</strong></span> <span class='ocrx_word' id='word_1_654' title='bbox 620 4451 701 4507; x_wconf 83' lang='lat' dir='ltr'><strong>cilicii</strong></span> <span class='ocrx_word' id='word_1_655' title='bbox 728 4449 840 4516; x_wconf 73' lang='lat' dir='ltr'><strong>levitici,</strong></span> <span class='ocrx_word' id='word_1_656' title='bbox 852 4449 1006 4520; x_wconf 71' lang='lat' dir='ltr'><strong>praedictum</strong></span> <span class='ocrx_word' id='word_1_657' title='bbox 1024 4485 1047 4542; x_wconf 67' lang='grc' dir='ltr'>ὓ</span> <span class='ocrx_word' id='word_1_658' title='bbox 1061 4467 1122 4528; x_wconf 75' lang='lat' dir='ltr'><strong>posi</strong></span> <span class='ocrx_word' id='word_1_659' title='bbox 1135 4459 1274 4528; x_wconf 54' lang='lat' dir='ltr'><strong>praesencia</strong></span> <span class='ocrx_word' id='word_1_660' title='bbox 1284 4459 1424 4513; x_wconf 61' lang='lat' dir='ltr'><strong>interdicis</strong></span> <span class='ocrx_word' id='word_1_661' title='bbox 1442 4460 1467 4515; x_wconf 77' lang='grc' dir='ltr'><strong>ῑῃ</strong></span> <span class='ocrx_word' id='word_1_662' title='bbox 1482 4459 1570 4530; x_wconf 66' lang='lat' dir='ltr'><strong>aliqua</strong></span> <span class='ocrx_word' id='word_1_663' title='bbox 1581 4466 1670 4516; x_wconf 60' lang='lat' dir='ltr'><strong>casira</strong></span> <span class='ocrx_word' id='word_1_664' title='bbox 1681 4453 1851 4517; x_wconf 65' lang='lat' dir='ltr'><strong>se‘soeieiarg</strong></span> 
     </span>
    </p>
   </div>
   <div class='ocr_carea' id='block_1_11' title="bbox 217 4527 1008 5070">
    <p class='ocr_par' dir='ltr' id='par_1_11' title="bbox 217 4527 1008 5070">
     <span class='ocr_line' id='line_1_90' title="bbox 219 4527 1006 4615; baseline -0.01 -13"><span class='ocrx_word' id='word_1_665' title='bbox 219 4527 303 4604; x_wconf 72' lang='lat' dir='ltr'><strong>i-nbis</strong></span> <span class='ocrx_word' id='word_1_666' title='bbox 320 4551 450 4605; x_wconf 85' lang='lat' dir='ltr'><strong>bonorem</strong></span> <span class='ocrx_word' id='word_1_667' title='bbox 480 4547 643 4613; x_wconf 81' lang='lat' dir='ltr'><strong>inserentes,</strong></span> <span class='ocrx_word' id='word_1_668' title='bbox 669 4544 776 4615; x_wconf 90' lang='lat' dir='ltr'><strong>penitus</strong></span> <span class='ocrx_word' id='word_1_669' title='bbox 807 4542 1006 4605; x_wconf 84' lang='lat' dir='ltr'><strong>submovemus,</strong></span> 
     </span>
     <span class='ocr_line' id='line_1_91' title="bbox 218 4631 1008 4702; baseline -0.009 -8"><span class='ocrx_word' id='word_1_670' title='bbox 218 4642 319 4696; x_wconf 81' lang='lat' dir='ltr'><strong>trullam</strong></span> <span class='ocrx_word' id='word_1_671' title='bbox 336 4640 445 4695; x_wconf 87' lang='lat' dir='ltr'><strong>ulterius</strong></span> <span class='ocrx_word' id='word_1_672' title='bbox 469 4638 604 4693; x_wconf 88' lang='lat' dir='ltr'><strong>licentiam</strong></span> <span class='ocrx_word' id='word_1_673' title='bbox 618 4636 765 4702; x_wconf 80' lang='lat' dir='ltr'><strong>trabentes,</strong></span> <span class='ocrx_word' id='word_1_674' title='bbox 790 4640 819 4689; x_wconf 88' lang='grc' dir='ltr'><strong>ιι</strong></span> <span class='ocrx_word' id='word_1_675' title='bbox 840 4647 873 4687; x_wconf 83' lang='lat' dir='ltr'><strong>ex</strong></span> <span class='ocrx_word' id='word_1_676' title='bbox 900 4631 1008 4687; x_wconf 83' lang='lat' dir='ltr'><strong>levitico</strong></span> 
     </span>
     <span class='ocr_line' id='line_1_92' title="bbox 218 4724 1007 4802; baseline -0.013 -14"><span class='ocrx_word' id='word_1_677' title='bbox 218 4734 330 4788; x_wconf 88' lang='lat' dir='ltr'><strong>numine</strong></span> <span class='ocrx_word' id='word_1_678' title='bbox 340 4742 385 4789; x_wconf 91' lang='lat' dir='ltr'><strong>aut</strong></span> <span class='ocrx_word' id='word_1_679' title='bbox 397 4733 480 4802; x_wconf 84' lang='lat' dir='ltr'><strong>grado</strong></span> <span class='ocrx_word' id='word_1_680' title='bbox 491 4730 591 4799; x_wconf 87' lang='lat' dir='ltr'><strong>aliquid</strong></span> <span class='ocrx_word' id='word_1_681' title='bbox 608 4728 696 4784; x_wconf 87' lang='lat' dir='ltr'><strong>lacere</strong></span> <span class='ocrx_word' id='word_1_682' title='bbox 709 4724 886 4797; x_wconf 73' lang='lat' dir='ltr'><strong>presumatis,</strong></span> <span class='ocrx_word' id='word_1_683' title='bbox 904 4725 946 4779; x_wconf 87' lang='lat' dir='ltr'><strong>rel</strong></span> <span class='ocrx_word' id='word_1_684' title='bbox 958 4725 1007 4779; x_wconf 92' lang='lat' dir='ltr'><strong>sub</strong></span> 
     </span>
     <span class='ocr_line' id='line_1_93' title="bbox 219 4816 1005 4882; baseline -0.011 -5"><span class='ocrx_word' id='word_1_685' title='bbox 219 4823 328 4877; x_wconf 89' lang='lat' dir='ltr'><strong>nmirine</strong></span> <span class='ocrx_word' id='word_1_686' title='bbox 341 4822 514 4878; x_wconf 84' lang='lat' dir='ltr'><strong>diaconorum</strong></span> <span class='ocrx_word' id='word_1_687' title='bbox 540 4817 691 4882; x_wconf 87' lang='lat' dir='ltr'><strong>scribendo,</strong></span> <span class='ocrx_word' id='word_1_688' title='bbox 713 4818 808 4872; x_wconf 89' lang='lat' dir='ltr'><strong>iteruin</strong></span> <span class='ocrx_word' id='word_1_689' title='bbox 825 4816 872 4870; x_wconf 76' lang='lat' dir='ltr'><strong>liei</strong></span> <span class='ocrx_word' id='word_1_690' title='bbox 893 4823 1005 4870; x_wconf 89' lang='lat' dir='ltr'><strong>contur-</strong></span> 
     </span>
     <span class='ocr_line' id='line_1_94' title="bbox 219 4905 1008 4979; baseline -0.003 -15"><span class='ocrx_word' id='word_1_691' title='bbox 219 4912 287 4966; x_wconf 79' lang='lat' dir='ltr'><strong>letis</strong></span> <span class='ocrx_word' id='word_1_692' title='bbox 300 4910 445 4966; x_wconf 81' lang='lat' dir='ltr'><strong>Ecclesiam</strong></span> <span class='ocrx_word' id='word_1_693' title='bbox 458 4929 464 4963; x_wconf 92' lang='lat'>:</span> <span class='ocrx_word' id='word_1_694' title='bbox 480 4910 578 4979; x_wconf 87' lang='lat' dir='ltr'><strong>quippe</strong></span> <span class='ocrx_word' id='word_1_695' title='bbox 589 4908 634 4977; x_wconf 91' lang='lat' dir='ltr'><strong>qni</strong></span> <span class='ocrx_word' id='word_1_696' title='bbox 648 4923 680 4961; x_wconf 83' lang='lat' dir='ltr'><strong>cx</strong></span> <span class='ocrx_word' id='word_1_697' title='bbox 692 4907 837 4977; x_wconf 86' lang='lat' dir='ltr'><strong>apostolica</strong></span> <span class='ocrx_word' id='word_1_698' title='bbox 848 4905 1008 4962; x_wconf 87' lang='lat' dir='ltr'><strong>auctoritato</strong></span> 
     </span>
     <span class='ocr_line' id='line_1_95' title="bbox 217 4997 1007 5070; baseline -0.003 -16"><span class='ocrx_word' id='word_1_699' title='bbox 217 5010 247 5054; x_wconf 89' lang='lat' dir='ltr'><strong>et</strong></span> <span class='ocrx_word' id='word_1_700' title='bbox 262 5001 372 5056; x_wconf 83' lang='lat' dir='ltr'><strong>l&#39;atrum</strong></span> <span class='ocrx_word' id='word_1_701' title='bbox 384 5001 492 5070; x_wconf 83' lang='lat' dir='ltr'><strong>regulis,</strong></span> <span class='ocrx_word' id='word_1_702' title='bbox 504 5008 599 5055; x_wconf 89' lang='lat' dir='ltr'><strong>contra</strong></span> <span class='ocrx_word' id='word_1_703' title='bbox 613 5012 679 5067; x_wconf 88' lang='lat' dir='ltr'><strong>quas</strong></span> <span class='ocrx_word' id='word_1_704' title='bbox 694 4997 776 5051; x_wconf 90' lang='lat' dir='ltr'><strong>multa</strong></span> <span class='ocrx_word' id='word_1_705' title='bbox 787 4997 882 5066; x_wconf 86' lang='lat' dir='ltr'><strong>spiritu</strong></span> <span class='ocrx_word' id='word_1_706' title='bbox 892 4998 1007 5066; x_wconf 80' lang='lat' dir='ltr'><strong>superbo</strong></span> 
     </span>
    </p>
   </div>
   <div class='ocr_carea' id='block_1_12' title="bbox 218 5156 1009 5787">
    <p class='ocr_par' dir='ltr' id='par_1_12' title="bbox 256 5156 478 5230">
     <span class='ocr_line' id='line_1_96' title="bbox 256 5156 478 5230; baseline 0.023 -23"><span class='ocrx_word' id='word_1_707' title='bbox 256 5167 268 5193; x_wconf 67' lang='grc' dir='ltr'>ι</span> <span class='ocrx_word' id='word_1_708' title='bbox 284 5156 380 5220; x_wconf 77' lang='lat' dir='ltr'><strong>Paris,</strong></span> <span class='ocrx_word' id='word_1_709' title='bbox 395 5159 478 5230; x_wconf 84' lang='lat' dir='ltr'><strong>qnasi.</strong></span> 
     </span>
    </p>

    <p class='ocr_par' dir='ltr' id='par_1_13' title="bbox 255 5227 670 5298">
     <span class='ocr_line' id='line_1_97' title="bbox 255 5227 670 5298; baseline 0.002 -18"><span class='ocrx_word' id='word_1_710' title='bbox 255 5227 269 5265; x_wconf 74' lang='lat' dir='ltr'><strong>lt</strong></span> <span class='ocrx_word' id='word_1_711' title='bbox 285 5227 431 5296; x_wconf 75' lang='lat' dir='ltr'><strong>Bellorum,</strong></span> <span class='ocrx_word' id='word_1_712' title='bbox 447 5229 511 5283; x_wconf 82' lang='lat' dir='ltr'><strong>llaec</strong></span> <span class='ocrx_word' id='word_1_713' title='bbox 523 5230 670 5298; x_wconf 79' lang='lat' dir='ltr'><strong>enimerpa.</strong></span> 
     </span>
    </p>

    <p class='ocr_par' dir='ltr' id='par_1_14' title="bbox 218 5295 1009 5507">
     <span class='ocr_line' id='line_1_98' title="bbox 258 5295 1008 5368; baseline -0.003 -19"><span class='ocrx_word' id='word_1_714' title='bbox 258 5298 381 5362; x_wconf 61' lang='lat' dir='ltr'><strong>tiberis..</strong></span> <span class='ocrx_word' id='word_1_715' title='bbox 394 5299 436 5352; x_wconf 86' lang='lat' dir='ltr'><strong>diu</strong></span> <span class='ocrx_word' id='word_1_716' title='bbox 459 5308 484 5352; x_wconf 87' lang='lat' dir='ltr'><strong>el</strong></span> <span class='ocrx_word' id='word_1_717' title='bbox 497 5315 543 5368; x_wconf 85' lang='lat' dir='ltr'><strong>per</strong></span> <span class='ocrx_word' id='word_1_718' title='bbox 556 5299 644 5351; x_wconf 83' lang='lat' dir='ltr'><strong>multis</strong></span> <span class='ocrx_word' id='word_1_719' title='bbox 667 5295 821 5366; x_wconf 84' lang='lat' dir='ltr'><strong>teriiporr&#39;liar</strong></span> <span class='ocrx_word' id='word_1_720' title='bbox 836 5298 929 5365; x_wconf 86' lang='lat' dir='ltr'><strong>spatia.</strong></span> <span class='ocrx_word' id='word_1_721' title='bbox 949 5296 1008 5349; x_wconf 85' lang='lat' dir='ltr'><strong>llcl-</strong></span> 
     </span>
     <span class='ocr_line' id='line_1_99' title="bbox 218 5365 1009 5439; baseline -0.001 -19"><span class='ocrx_word' id='word_1_722' title='bbox 218 5370 318 5428; x_wconf 83' lang='lat' dir='ltr'><strong>laiiac..</strong></span> <span class='ocrx_word' id='word_1_723' title='bbox 335 5367 409 5421; x_wconf 83' lang='lat' dir='ltr'><strong>debet</strong></span> <span class='ocrx_word' id='word_1_724' title='bbox 423 5369 510 5439; x_wconf 80' lang='lat' dir='ltr'><strong>(quod</strong></span> <span class='ocrx_word' id='word_1_725' title='bbox 526 5365 697 5423; x_wconf 76' lang='lat' dir='ltr'><strong>citatorium</strong></span> <span class='ocrx_word' id='word_1_726' title='bbox 713 5383 747 5423; x_wconf 87' lang='lat' dir='ltr'><strong>eii</strong></span> <span class='ocrx_word' id='word_1_727' title='bbox 762 5367 805 5420; x_wconf 86' lang='lat' dir='ltr'><strong>diii</strong></span> <span class='ocrx_word' id='word_1_728' title='bbox 817 5373 857 5436; x_wconf 77' lang='grc' dir='ltr'><strong>ιι)</strong></span> <span class='ocrx_word' id='word_1_729' title='bbox 873 5383 917 5436; x_wconf 75' lang='lat' dir='ltr'><strong>per</strong></span> <span class='ocrx_word' id='word_1_730' title='bbox 929 5367 1009 5419; x_wconf 84' lang='lat' dir='ltr'><strong>niriltn</strong></span> 
     </span>
     <span class='ocr_line' id='line_1_100' title="bbox 219 5437 624 5507; baseline 0.005 -19"><span class='ocrx_word' id='word_1_731' title='bbox 219 5437 377 5505; x_wconf 82' lang='lat' dir='ltr'><strong>temporibus</strong></span> <span class='ocrx_word' id='word_1_732' title='bbox 389 5440 484 5503; x_wconf 83' lang='lat' dir='ltr'><strong>spatia.</strong></span> <span class='ocrx_word' id='word_1_733' title='bbox 621 5500 624 5507; x_wconf 30' lang='grc' dir='ltr'>Ι</span> 
     </span>
    </p>

    <p class='ocr_par' dir='ltr' id='par_1_15' title="bbox 256 5508 540 5572">
     <span class='ocr_line' id='line_1_101' title="bbox 256 5508 540 5572; baseline 0.014 -16"><span class='ocrx_word' id='word_1_734' title='bbox 256 5511 268 5543; x_wconf 73' lang='lat'><strong>‘¹</strong></span> <span class='ocrx_word' id='word_1_735' title='bbox 287 5508 382 5572; x_wconf 78' lang='lat' dir='ltr'><strong>laris,</strong></span> <span class='ocrx_word' id='word_1_736' title='bbox 397 5508 540 5562; x_wconf 82' lang='lat' dir='ltr'><strong>diaconam.</strong></span> 
     </span>
    </p>

    <p class='ocr_par' dir='ltr' id='par_1_16' title="bbox 258 5575 655 5638">
     <span class='ocr_line' id='line_1_102' title="bbox 258 5575 655 5638; baseline 0.003 -9"><span class='ocrx_word' id='word_1_737' title='bbox 258 5583 270 5610; x_wconf 60' lang='grc' dir='ltr'><strong>θ</strong></span> <span class='ocrx_word' id='word_1_738' title='bbox 282 5575 393 5633; x_wconf 73' lang='lat' dir='ltr'><strong>Veteres</strong></span> <span class='ocrx_word' id='word_1_739' title='bbox 407 5578 477 5638; x_wconf 85' lang='lat' dir='ltr'><strong>libri,</strong></span> <span class='ocrx_word' id='word_1_740' title='bbox 490 5576 655 5632; x_wconf 78' lang='lat' dir='ltr'><strong>decertando.</strong></span> 
     </span>
    </p>

    <p class='ocr_par' dir='ltr' id='par_1_17' title="bbox 261 5643 581 5710">
     <span class='ocr_line' id='line_1_103' title="bbox 261 5643 581 5710; baseline 0.009 -14"><span class='ocrx_word' id='word_1_741' title='bbox 261 5643 270 5680; x_wconf 69' lang='lat' dir='ltr'><strong>l</strong></span> <span class='ocrx_word' id='word_1_742' title='bbox 288 5643 383 5710; x_wconf 79' lang='lat' dir='ltr'><strong>Paris..</strong></span> <span class='ocrx_word' id='word_1_743' title='bbox 400 5644 581 5700; x_wconf 84' lang='lat' dir='ltr'><strong>carrarirrebas.</strong></span> 
     </span>
    </p>

    <p class='ocr_par' dir='ltr' id='par_1_18' title="bbox 257 5714 619 5787">
     <span class='ocr_line' id='line_1_104' title="bbox 257 5714 619 5787; baseline 0.017 -23"><span class='ocrx_word' id='word_1_744' title='bbox 257 5723 270 5764; x_wconf 86' lang='grc' dir='ltr'><strong>ι</strong></span> <span class='ocrx_word' id='word_1_745' title='bbox 286 5714 395 5771; x_wconf 77' lang='lat' dir='ltr'><strong>i&#39;etcies</strong></span> <span class='ocrx_word' id='word_1_746' title='bbox 407 5717 476 5778; x_wconf 84' lang='lat' dir='ltr'><strong>libri,</strong></span> <span class='ocrx_word' id='word_1_747' title='bbox 493 5715 619 5787; x_wconf 77' lang='lat' dir='ltr'><strong>qalienna,</strong></span> 
     </span>
    </p>
   </div>
   <div class='ocr_carea' id='block_1_13' title="bbox 1062 4548 1851 5071">
    <p class='ocr_par' dir='ltr' id='par_1_19' title="bbox 1062 4548 1851 5071">
     <span class='ocr_line' id='line_1_105' title="bbox 1062 4548 1849 4622; baseline 0.005 -20"><span class='ocrx_word' id='word_1_748' title='bbox 1062 4548 1217 4620; x_wconf 83' lang='lat' dir='ltr'><strong>polluerint,</strong></span> <span class='ocrx_word' id='word_1_749' title='bbox 1239 4557 1285 4603; x_wconf 88' lang='lat' dir='ltr'><strong>aut</strong></span> <span class='ocrx_word' id='word_1_750' title='bbox 1297 4564 1458 4604; x_wconf 87' lang='lat' dir='ltr'><strong>consensum</strong></span> <span class='ocrx_word' id='word_1_751' title='bbox 1471 4551 1667 4622; x_wconf 83' lang='lat' dir='ltr'><strong>consiliumque</strong></span> <span class='ocrx_word' id='word_1_752' title='bbox 1677 4552 1849 4622; x_wconf 77' lang='lat' dir='ltr'><strong>praebuerint,</strong></span> 
     </span>
     <span class='ocr_line' id='line_1_106' title="bbox 1063 4638 1850 4712; baseline 0.006 -20"><span class='ocrx_word' id='word_1_753' title='bbox 1063 4638 1212 4707; x_wconf 87' lang='lat' dir='ltr'><strong>regularem</strong></span> <span class='ocrx_word' id='word_1_754' title='bbox 1232 4639 1259 4694; x_wconf 93' lang='lat' dir='ltr'><strong>in</strong></span> <span class='ocrx_word' id='word_1_755' title='bbox 1273 4638 1326 4704; x_wconf 91' lang='lat' dir='ltr'><strong>bis,</strong></span> <span class='ocrx_word' id='word_1_756' title='bbox 1339 4653 1400 4707; x_wconf 73' lang='lat' dir='ltr'><strong>quae</strong></span> <span class='ocrx_word' id='word_1_757' title='bbox 1414 4640 1478 4694; x_wconf 88' lang='lat' dir='ltr'><strong>item</strong></span> <span class='ocrx_word' id='word_1_758' title='bbox 1493 4641 1616 4712; x_wconf 88' lang='lat' dir='ltr'><strong>superius</strong></span> <span class='ocrx_word' id='word_1_759' title='bbox 1631 4642 1737 4711; x_wconf 87' lang='lat' dir='ltr'><strong>legitur,</strong></span> <span class='ocrx_word' id='word_1_760' title='bbox 1749 4643 1850 4697; x_wconf 87' lang='lat' dir='ltr'><strong>consti·</strong></span> 
     </span>
     <span class='ocr_line' id='line_1_107' title="bbox 1064 4729 1851 4801; baseline 0.008 -19"><span class='ocrx_word' id='word_1_761' title='bbox 1064 4729 1161 4783; x_wconf 85' lang='lat' dir='ltr'><strong>tulatus</strong></span> <span class='ocrx_word' id='word_1_762' title='bbox 1177 4742 1289 4783; x_wconf 89' lang='lat' dir='ltr'><strong>monere</strong></span> <span class='ocrx_word' id='word_1_763' title='bbox 1301 4729 1463 4785; x_wconf 86' lang='lat' dir='ltr'><strong>sententiam</strong></span> <span class='ocrx_word' id='word_1_764' title='bbox 1487 4748 1493 4782; x_wconf 93' lang='lat'>:</span> <span class='ocrx_word' id='word_1_765' title='bbox 1520 4739 1653 4801; x_wconf 91' lang='lat' dir='ltr'><strong>quatenus</strong></span> <span class='ocrx_word' id='word_1_766' title='bbox 1667 4732 1695 4786; x_wconf 88' lang='lat' dir='ltr'><strong>in</strong></span> <span class='ocrx_word' id='word_1_767' title='bbox 1707 4731 1749 4786; x_wconf 89' lang='lat' dir='ltr'><strong>liis</strong></span> <span class='ocrx_word' id='word_1_768' title='bbox 1763 4747 1851 4788; x_wconf 84' lang='lat' dir='ltr'><strong>renie-</strong></span> 
     </span>
     <span class='ocr_line' id='line_1_108' title="bbox 1063 4817 1849 4891; baseline 0.005 -20"><span class='ocrx_word' id='word_1_769' title='bbox 1063 4817 1124 4883; x_wconf 91' lang='lat' dir='ltr'><strong>diis‚</strong></span> <span class='ocrx_word' id='word_1_770' title='bbox 1147 4817 1242 4874; x_wconf 87' lang='lat' dir='ltr'><strong>ordine</strong></span> <span class='ocrx_word' id='word_1_771' title='bbox 1254 4827 1362 4874; x_wconf 84' lang='lat' dir='ltr'><strong>serrato</strong></span> <span class='ocrx_word' id='word_1_772' title='bbox 1377 4821 1519 4889; x_wconf 90' lang='lat' dir='ltr'><strong>canonico,</strong></span> <span class='ocrx_word' id='word_1_773' title='bbox 1540 4821 1630 4876; x_wconf 90' lang='lat' dir='ltr'><strong>nullus</strong></span> <span class='ocrx_word' id='word_1_774' title='bbox 1644 4829 1787 4891; x_wconf 77' lang='lat' dir='ltr'><strong>prasumat</strong></span> <span class='ocrx_word' id='word_1_775' title='bbox 1800 4837 1849 4891; x_wconf 86' lang='lat' dir='ltr'><strong>pa·</strong></span> 
     </span>
     <span class='ocr_line' id='line_1_109' title="bbox 1063 4908 1851 4981; baseline 0.005 -20"><span class='ocrx_word' id='word_1_776' title='bbox 1063 4924 1132 4973; x_wconf 83' lang='lat' dir='ltr'><strong>cem,</strong></span> <span class='ocrx_word' id='word_1_777' title='bbox 1147 4923 1228 4977; x_wconf 88' lang='lat' dir='ltr'><strong>quani</strong></span> <span class='ocrx_word' id='word_1_778' title='bbox 1242 4908 1370 4963; x_wconf 82' lang='lat' dir='ltr'><strong>dominus</strong></span> <span class='ocrx_word' id='word_1_779' title='bbox 1379 4908 1475 4978; x_wconf 81' lang='lat' dir='ltr'><strong>diligit,</strong></span> <span class='ocrx_word' id='word_1_780' title='bbox 1489 4910 1734 4967; x_wconf 76' lang='lat' dir='ltr'><strong>ulteriusEcelesioe</strong></span> <span class='ocrx_word' id='word_1_781' title='bbox 1745 4920 1851 4981; x_wconf 86' lang='lat' dir='ltr'><strong>pertur-</strong></span> 
     </span>
     <span class='ocr_line' id='line_1_110' title="bbox 1063 4997 1849 5071; baseline 0.004 -19"><span class='ocrx_word' id='word_1_782' title='bbox 1063 4998 1137 5053; x_wconf 87' lang='lat' dir='ltr'><strong>bare.</strong></span> <span class='ocrx_word' id='word_1_783' title='bbox 1160 4997 1321 5051; x_wconf 78' lang='lat' dir='ltr'><strong>l‘rcseutem</strong></span> <span class='ocrx_word' id='word_1_784' title='bbox 1345 5006 1434 5054; x_wconf 80' lang='lat' dir='ltr'><strong>autem</strong></span> <span class='ocrx_word' id='word_1_785' title='bbox 1461 5001 1623 5056; x_wconf 88' lang='lat' dir='ltr'><strong>sententiam</strong></span> <span class='ocrx_word' id='word_1_786' title='bbox 1647 5017 1695 5071; x_wconf 88' lang='lat' dir='ltr'><strong>per</strong></span> <span class='ocrx_word' id='word_1_787' title='bbox 1717 4999 1849 5055; x_wconf 78' lang='lat' dir='ltr'><strong>loannem</strong></span> 
     </span>
    </p>
   </div>
   <div class='ocr_carea' id='block_1_14' title="bbox 1064 5154 1851 5712">
    <p class='ocr_par' dir='ltr' id='par_1_20' title="bbox 1099 5154 1501 5222">
     <span class='ocr_line' id='line_1_111' title="bbox 1099 5154 1501 5222; baseline 0.007 -14"><span class='ocrx_word' id='word_1_788' title='bbox 1099 5154 1111 5192; x_wconf 87' lang='lat' dir='ltr'><strong>t</strong></span> <span class='ocrx_word' id='word_1_789' title='bbox 1129 5155 1210 5210; x_wconf 82' lang='lat' dir='ltr'><strong>liilein</strong></span> <span class='ocrx_word' id='word_1_790' title='bbox 1225 5155 1295 5221; x_wconf 78' lang='lat' dir='ltr'><strong>libri,</strong></span> <span class='ocrx_word' id='word_1_791' title='bbox 1314 5159 1365 5222; x_wconf 78' lang='lat' dir='ltr'><strong>iam</strong></span> <span class='ocrx_word' id='word_1_792' title='bbox 1380 5160 1407 5212; x_wconf 85' lang='lat' dir='ltr'><strong>in</strong></span> <span class='ocrx_word' id='word_1_793' title='bbox 1419 5157 1501 5213; x_wconf 85' lang='lat' dir='ltr'><strong>nadis.</strong></span> 
     </span>
    </p>

    <p class='ocr_par' dir='ltr' id='par_1_21' title="bbox 1102 5225 1432 5290">
     <span class='ocr_line' id='line_1_112' title="bbox 1102 5225 1432 5290; baseline 0.012 -12"><span class='ocrx_word' id='word_1_794' title='bbox 1102 5225 1108 5262; x_wconf 56' lang='grc' dir='ltr'><strong>ί</strong></span> <span class='ocrx_word' id='word_1_795' title='bbox 1128 5226 1208 5279; x_wconf 85' lang='lat' dir='ltr'><strong>iidem</strong></span> <span class='ocrx_word' id='word_1_796' title='bbox 1221 5226 1291 5290; x_wconf 84' lang='lat' dir='ltr'><strong>libri,</strong></span> <span class='ocrx_word' id='word_1_797' title='bbox 1307 5228 1432 5282; x_wconf 79' lang='lat' dir='ltr'><strong>ili&#39;iicant&#39;i.</strong></span> 
     </span>
    </p>

    <p class='ocr_par' dir='ltr' id='par_1_22' title="bbox 1102 5296 1724 5367">
     <span class='ocr_line' id='line_1_113' title="bbox 1102 5296 1724 5367; baseline 0.006 -19"><span class='ocrx_word' id='word_1_798' title='bbox 1102 5299 1107 5343; x_wconf 90' lang='lat' dir='ltr'><strong>i</strong></span> <span class='ocrx_word' id='word_1_799' title='bbox 1128 5296 1273 5352; x_wconf 75' lang='lat' dir='ltr'><strong>Bellonae..</strong></span> <span class='ocrx_word' id='word_1_800' title='bbox 1284 5308 1438 5367; x_wconf 70' lang='lat' dir='ltr'><strong>contractans,</strong></span> <span class='ocrx_word' id='word_1_801' title='bbox 1454 5296 1551 5359; x_wconf 61' lang='lat' dir='ltr'><strong>Paris„</strong></span> <span class='ocrx_word' id='word_1_802' title='bbox 1568 5307 1724 5366; x_wconf 75' lang='lat' dir='ltr'><strong>corriperetis.</strong></span> 
     </span>
    </p>

    <p class='ocr_par' dir='ltr' id='par_1_23' title="bbox 1064 5364 1851 5640">
     <span class='ocr_line' id='line_1_114' title="bbox 1100 5364 1851 5433; baseline 0.005 -16"><span class='ocrx_word' id='word_1_803' title='bbox 1100 5364 1296 5432; x_wconf 53' lang='grc' dir='ltr'><strong>ΚΙιιςιιιιιιιιιι,</strong></span> <span class='ocrx_word' id='word_1_804' title='bbox 1321 5377 1379 5433; x_wconf 83' lang='lat' dir='ltr'><strong>puel</strong></span> <span class='ocrx_word' id='word_1_805' title='bbox 1399 5368 1534 5421; x_wconf 81' lang='lat' dir='ltr'><strong>transiliant</strong></span> <span class='ocrx_word' id='word_1_806' title='bbox 1560 5377 1674 5420; x_wconf 81' lang='lat' dir='ltr'><strong>riustram</strong></span> <span class='ocrx_word' id='word_1_807' title='bbox 1699 5386 1742 5423; x_wconf 82' lang='lat' dir='ltr'><strong>aaa</strong></span> <span class='ocrx_word' id='word_1_808' title='bbox 1761 5381 1851 5423; x_wconf 81' lang='lat' dir='ltr'><strong>contra</strong></span> 
     </span>
     <span class='ocr_line' id='line_1_115' title="bbox 1064 5435 1849 5507; baseline 0.005 -19"><span class='ocrx_word' id='word_1_809' title='bbox 1064 5436 1229 5489; x_wconf 74' lang='lat' dir='ltr'><strong>carralitanus</strong></span> <span class='ocrx_word' id='word_1_810' title='bbox 1255 5444 1382 5507; x_wconf 79' lang='lat' dir='ltr'><strong>nostruin.</strong></span> <span class='ocrx_word' id='word_1_811' title='bbox 1412 5435 1535 5489; x_wconf 84' lang='lat' dir='ltr'><strong>blendom</strong></span> <span class='ocrx_word' id='word_1_812' title='bbox 1564 5445 1604 5489; x_wconf 84' lang='lat' dir='ltr'><strong>est</strong></span> <span class='ocrx_word' id='word_1_813' title='bbox 1630 5439 1849 5507; x_wconf 74' lang='lat' dir='ltr'><strong>typographicam</strong></span> 
     </span>
     <span class='ocr_line' id='line_1_116' title="bbox 1064 5503 1850 5563; baseline 0.004 -5"><span class='ocrx_word' id='word_1_814' title='bbox 1064 5503 1189 5558; x_wconf 73' lang='lat' dir='ltr'><strong>alitionis</strong></span> <span class='ocrx_word' id='word_1_815' title='bbox 1202 5504 1362 5559; x_wconf 77' lang='lat' dir='ltr'><strong>labbeana.</strong></span> <span class='ocrx_word' id='word_1_816' title='bbox 1380 5505 1437 5560; x_wconf 80' lang='lat' dir='ltr'><strong>Vax</strong></span> <span class='ocrx_word' id='word_1_817' title='bbox 1464 5513 1555 5560; x_wconf 87' lang='lat' dir='ltr'><strong>autern</strong></span> <span class='ocrx_word' id='word_1_818' title='bbox 1581 5522 1623 5560; x_wconf 88' lang='lat' dir='ltr'><strong>ras</strong></span> <span class='ocrx_word' id='word_1_819' title='bbox 1649 5507 1737 5562; x_wconf 85' lang='lat' dir='ltr'><strong>addita</strong></span> <span class='ocrx_word' id='word_1_820' title='bbox 1761 5515 1850 5563; x_wconf 80' lang='lat' dir='ltr'><strong>estex</strong></span> 
     </span>
     <span class='ocr_line' id='line_1_117' title="bbox 1064 5571 1402 5640; baseline 0.006 -14"><span class='ocrx_word' id='word_1_821' title='bbox 1064 5571 1180 5640; x_wconf 78' lang='lat' dir='ltr'><strong>anitiquis</strong></span> <span class='ocrx_word' id='word_1_822' title='bbox 1193 5575 1402 5640; x_wconf 80' lang='lat' dir='ltr'><strong>exemplaribus.</strong></span> 
     </span>
    </p>

    <p class='ocr_par' dir='ltr' id='par_1_24' title="bbox 1103 5642 1468 5712">
     <span class='ocr_line' id='line_1_118' title="bbox 1103 5642 1468 5712; baseline 0.008 -17"><span class='ocrx_word' id='word_1_823' title='bbox 1103 5642 1110 5679; x_wconf 82' lang='lat'><strong>¹</strong></span> <span class='ocrx_word' id='word_1_824' title='bbox 1133 5642 1242 5696; x_wconf 79' lang='lat' dir='ltr'><strong>l&#39;eteies</strong></span> <span class='ocrx_word' id='word_1_825' title='bbox 1257 5643 1327 5707; x_wconf 85' lang='lat' dir='ltr'><strong>libii,</strong></span> <span class='ocrx_word' id='word_1_826' title='bbox 1342 5652 1468 5712; x_wconf 79' lang='lat' dir='ltr'><strong>putantes.</strong></span> 
     </span>
    </p>
   </div>
   <div class='ocr_carea' id='block_1_15' title="bbox 0 0 2055 6180">
    <p class='ocr_par' dir='ltr' id='par_1_25' title="bbox 0 0 2055 6180">
     <span class='ocr_line' id='line_1_119' title="bbox 0 0 2055 6180; baseline 0 0"><span class='ocrx_word' id='word_1_827' title='bbox 0 0 2055 6180; x_wconf 95' lang='lat' dir='ltr'><strong> </strong></span> 
     </span>
    </p>
   </div>
  </div>
 </body>
</html>
