4059 6184
144 227 191 285 Edi
693 228 851 288 lltstohlA
871 231 1080 289 TAlPAltl'lTs
1111 233 1212 292 LlllEll
1232 237 1252 292 l.
1727 247 1780 304 902

142 344 238 402 sitiisse
251 343 369 399 animaru
382 344 441 414 ejus
461 343 488 399 in
501 342 600 409 coelum
614 342 688 408 lcrri,
703 343 801 400 divinis
814 352 936 415 potesta»
950 347 974 407 Α
988 344 1051 402 dinc
1062 349 1181 419 copiosa,
1194 349 1442 422 nnnAEgyptiorum
1454 351 1632 420 solummodo,
1644 355 1782 414 selectam

141 437 211 490 tibus
224 450 287 490 curu
299 434 448 505 psalmodia
462 433 676 505 praecedentibus
690 449 769 502 eam,
789 433 932 490 consulen-
984 434 1172 507 Tbebaeorum,
1188 451 1216 497 et
1229 441 1392 514 Libycarum
1407 443 1479 499 circa
1495 443 1640 517 AEgyptum
1652 449 1778 506 obtinens

141 526 265 595 cibusque
277 524 374 595 eisqui
389 525 462 580 cirea
476 539 538 581 eum
558 531 648 586 erant,
662 538 772 579 eausam
787 522 868 594 bajus
881 524 932 579 mi·
983 529 1172 599 principatum.
1184 530 1212 586 ln
1224 531 1302 604 quus
1315 533 1404 604 itaque
1418 534 1533 590 civitatis
1547 538 1703 607 praesulatu,
1718 548 1780 610 post

140 616 224 671 raculi
237 631 291 673 nou
304 614 454 672 abscondit.
471 613 600 671 Sciebant
611 614 684 670 enim
698 615 827 684 quoniam
841 629 930 669 acrem
983 615 1094 675 Petrum
1108 621 1183 676 iilum
1195 622 1325 693 inclytum
1339 633 1577 694 propugnatorem,
1599 628 1645 697 qui
1664 629 1715 684 sub
1728 631 1779 685 'tm-

138 711 243 766 intento
256 708 352 765 obtutu
372 706 530 778 respiciens,
544 721 605 761 cum
620 713 731 776 stupore
752 704 875 760 miraculi
888 720 932 759 cu-
983 711 1035 780 piis
1062 712 1182 783 tyrannis
1206 713 1374 771 Diocletiana
1399 724 1426 770 et
1448 716 1611 774 Maximiano
1634 722 1781 778 novissime

136 802 252 873 juspiam
262 800 410 871 respiceret
420 798 560 854 visionem.
572 797 695 867 Cumque
706 798 847 853 venientes
857 805 932 867 post·
983 801 1125 871 imperium
1138 805 1574 879 spontcdeponentihus,martyrii
1586 824 1714 864 coronam
1724 825 1782 867 sus

138 910 169 946 ca
183 890 294 961 quidam
308 891 342 946 de
355 889 431 962 Seyti
453 889 623 945 nuntiassent
636 889 732 944 horam
746 889 857 944 visionis
875 889 932 943 An·
983 901 1093 963 ceperat
1109 895 1169 965 (Aa.
1193 895 1270 950 Dana.
1290 897 1362 968 stt),
1378 899 1508 953 successit
1521 900 1649 955 Achillas.
1667 900 1692 956 ls
1706 903 1779 958 euim

138 984 215 1048 tonii,
230 990 259 1038 et
271 979 444 1038 convenisset
455 995 516 1035 cum
527 979 642 1035 transitu
656 979 727 1034 illius
740 978 801 1043 viri,
823 977 930 1034 heatiti-
981 983 1031 1037 sub
1052 984 1097 1039 iilo
1112 986 1222 1054 egregio
1243 986 1324 1043 Petro
1345 988 1438 1043 Arium
1452 990 1605 1045 ordinatam
1624 992 1779 1063 diaconum,

136 1081 267 1130 caverunt
285 1072 380 1129 ambos
393 1090 399 1125 :
412 1072 487 1128 illum
501 1071 622 1141 quidem,
647 1070 712 1141 qaia
734 1070 768 1125 ad
787 1069 930 1125 manifesta
981 1082 1144 1145 captumque
1156 1075 1183 1131 in
1197 1076 1298 1133 hleletii
1311 1080 1486 1146 novitatibus,
1502 1088 1530 1137 et
1544 1084 1578 1139 ab
1589 1081 1709 1142 Ecclesia
1719 1087 1781 1157 pul·

134 1166 208 1221 baua
231 1162 395 1228 transiisset;
419 1162 494 1217 illum
514 1176 591 1226 vero,
615 1163 677 1230 quia
693 1169 796 1215 mamm
814 1176 830 1215 a
850 1159 930 1229 longe
981 1178 1051 1230 sura,
1066 1175 1177 1236 rogatus
1189 1167 1352 1237 atidelibus,
1368 1179 1396 1226 et
1409 1173 1497 1227 denuo
1520 1175 1678 1244 suscipiens,
1699 1178 1780 1233 mmi-

134 1256 280 1318 meruisset
289 1269 403 1310 eernere
417 1253 557 1310 visionem.
578 1252 725 1308 llultorum
738 1252 810 1308 enim
824 1252 929 1307 dieram
980 1265 1068 1312 strare
1081 1261 1222 1331 pracepit.
1237 1262 1303 1317 Post
1317 1262 1449 1318 Achillam
1474 1280 1538 1320 vcro
1558 1266 1711 1324 Alexander
1722 1267 1781 1323 lor·
1798 1295 1805 1306 ·

136 1346 187 1402 iter
198 1353 241 1402 est
250 1345 474 1429 locorumyuedio
484 1345 635 1415 positurum
647 1359 701 1413 quo
715 1344 831 1414 degebat
845 1345 928 1400 alter·
984 1347 1105 1404 tissimus
1128 1351 1276 1419 evangelici
1300 1352 1433 1420 dogmatis
1454 1354 1614 1424 praedicator
1637 1356 1780 1412 ordinatur

135 1447 206 1494 uter.
222 1437 256 1493 lit
270 1438 329 1493 haee
349 1437 459 1508 quidem
472 1439 509 1492 ita
532 1438 617 1493 relata
633 1448 706 1492 sarit.
722 1436 751 1491 ln
771 1438 823 1493 hoe
838 1438 929 1507 itaque
981 1439 1134 1511 episcopus.
1150 1440 1209 1497 lloc
1223 1449 1346 1514 tempore
1358 1445 1419 1516 (Aa.
1433 1445 1511 1501 bona.
1523 1446 1587 1519 aab)
1600 1449 1678 1504 Arius
1693 1449 1720 1504 iu
1731 1465 1778 1505 or·

134 1530 281 1603 praesulatu
293 1529 383 1586 audivi
398 1528 587 1599 probatissime
601 1530 821 1600 philosophatum
843 1530 928 1602 Euty·
981 1529 1044 1586 diue
1064 1532 1174 1603 quidem
1188 1535 1409 1607 presbyterorum
1430 1547 1498 1602 erat,
1522 1540 1775 1612 expositionemque

35 1643 36 1652 ¹
133 1624 271 1689 cinianum,
286 1623 334 1694 qui
344 1622 373 1678 in
387 1620 513 1695 Bithynia
524 1623 597 1679 eirca
606 1619 749 1694 Olympum
761 1623 926 1678 morabatur.
980 1621 1131 1678 divinarum
1152 1625 1353 1696 scripturarum
1372 1628 1514 1686 videbatur
1528 1632 1628 1688 habere
1650 1635 1779 1691 commis-

133 1712 200 1769 Erat
221 1714 322 1784 quippe
346 1712 436 1768 divina
459 1712 547 1781 gratia
567 1713 698 1783 repletus,
720 1711 754 1767 ad
776 1712 930 1767 curationes
946 1717 1050 1781 gsam.
1067 1713 1167 1771 Videas
1181 1725 1270 1772 autem
1295 1718 1475 1774 Alexandrum
1495 1720 1666 1791 pontificatus
1681 1722 1778 1790 guber-

135 1804 302 1874 passionum,
317 1802 490 1860 etmiraeula
504 1818 596 1859 rerum
611 1810 640 1857 et
650 1815 772 1872 operum,
786 1801 822 1855 ita
837 1809 867 1855 ut
877 1800 928 1871 ipsi
980 1805 1075 1860 nacula
1095 1806 1258 1876 suscepisse,
1274 1816 1400 1863 eventum
1419 1811 1550 1881 temporis
1569 1825 1623 1868 non
1638 1811 1776 1882 portavit;

132 1896 311 1952 Eoustaatiao
322 1903 433 1966 propter
444 1893 572 1949 virtutem
586 1893 647 1948 vitae
661 1901 733 1949 esset
752 1892 864 1947 amicus.
880 1891 928 1946 lllo
980 1895 1028 1952 sed
1041 1904 1069 1950 et
1082 1894 1259 1952 mordacitate
1267 1898 1430 1967 compulsus
1443 1900 1498 1955 litis
1510 1902 1648 1970 quaerebat
1658 1900 1774 1955 initiunt.

131 1989 264 2058 siquidem
279 1995 402 2057 tempore
415 1987 524 2043 vinetus
546 1986 656 2056 quidam
668 1984 813 2056 spatarius,
838 1984 885 2054 qui
900 1979 930 2039 in'
980 1986 1065 2045 Porro
1089 1989 1253 2045 laudabilem
1268 1990 1362 2047 videns
1382 1994 1432 2048 viri
1456 1995 1700 2060 conversationem,
1726 2010 1775 2049 ne-

131 2080 315 2152 suspicionem
328 2087 441 2136 venerat
459 2079 536 2148 quasi
558 2085 695 2149 assumpta
717 2076 870 2150 tyrannide,
885 2075 927 2130 iu·
979 2096 1113 2152 quaquam
1134 2082 1282 2137 calumnias
1304 2090 1450 2137 contexere
1470 2085 1651 2154 prevalebat3
1668 2099 1776 2139 vermu-

130 2174 182 2244 git,
198 2181 226 2228 et
237 2172 383 2243 requisitus
397 2171 470 2228 circa
483 2169 626 2243 Olympum
644 2169 857 2240 comprehensus
872 2175 924 2224 est.
981 2178 1070 2227 tanmn
1084 2172 1224 2242 quiescere
1238 2172 1313 2227 illum
1326 2172 1488 2243 prohibebat
1508 2175 1615 2231 invidia.
1632 2175 1711 2233 Hunc
1726 2176 1774 2246 igi-

132 2263 300 2332 llogantibus
314 2272 405 2319 autem
421 2262 583 2319 necessariis
601 2261 660 2336 ejtrs
680 2261 887 2333 Eutychianum,
899 2269 928 2316 ut
980 2270 1024 2317 tur
1038 2263 1177 2318 inveniens
1191 2262 1315 2318 inimicus
1324 2265 1455 2331 veritatis,
1467 2281 1518 2337 per
1531 2282 1592 2322 eum
1605 2269 1680 2325 rrisus
1694 2269 1775 2325 estin

131 2371 183 2425 pro
199 2369 232 2409 eo
244 2353 315 2423 apud
326 2353 475 2424 principem
494 2352 629 2421 legatione
647 2350 805 2420 iungeretur
820 2369 826 2406 :
839 2349 926 2417 Prius,
979 2349 1127 2408 Ecclesiam
1151 2352 1272 2408 excitare
1296 2361 1494 2425 tempestatem.
1519 2354 1681 2427 apostolicis
1702 2360 1775 2413 enim

130 2442 230 2515 inquit,
245 2443 439 2513 providendum
452 2451 493 2499 est
508 2451 537 2498 ut
556 2443 579 2498 is
593 2442 676 2499 homo
690 2443 819 2498 liberetur
839 2456 855 2495 a
869 2442 929 2495 vin·
980 2441 1126 2497 Alexandri
1138 2442 1269 2498 doctrinis
1283 2444 1402 2500 instabat
1413 2456 1505 2516 aperte
1525 2448 1662 2505 resistere.
1676 2448 1709 2504 Et
1729 2449 1774 2505 ille

130 2533 210 2604 artis,
225 2548 259 2587 ne
272 2531 417 2590 crudeliter
429 2532 592 2588 constrictus
602 2532 728 2588 baereat.
743 2530 819 2587 'lunc
831 2531 929 2588 dicitur
979 2533 1089 2602 quidem
1109 2531 1198 2588 divina
1212 2548 1329 2604 sequens
1348 2535 1465 2607 eloquia,
1486 2538 1556 2608 aequi
1581 2540 1692 2597 honoris
1709 2557 1772 2598 cum

129 2623 165 2680 ad
178 2621 347 2677 ameralorum
365 2621 492 2678 custodes
505 2621 638 2678 direxisse
653 2635 769 2694 :rogans
779 2631 809 2677 ut
823 2637 884 2678 eum
894 2624 928 2678 ab
979 2619 1070 2693 Patre,
1088 2633 1117 2681 et
1129 2626 1252 2681 eamdem
1266 2628 1444 2684 substantiam
1463 2631 1565 2686 babere
1578 2647 1640 2688 eum
1652 2632 1707 2688 Deo
1720 2632 1776 2688 Ge·

129 2711 285 2782 huiusmodi
298 2712 461 2769 necessitate
483 2712 645 2768 relevarent.
662 2712 715 2781 Qui
739 2727 801 2768 cum
820 2712 873 2777 buc
893 2713 930 2768 la·
979 2716 1068 2772 nitore
1080 2716 1176 2772 Filium
1189 2717 1363 2788 praedicabat.
1379 2718 1408 2773 A
1418 2720 1459 2776 ius
1475 2730 1564 2776 autem
1578 2736 1594 2777 e
1606 2721 1713 2780 diverso
1725 2735 1774 2779 ve·

128 2819 195 2861 cere
212 2804 373 2871 uoluissent,
399 2812 497 2876 sponte
510 2803 601 2874 ianuae
622 2804 722 2861 clausae
744 2815 880 2875 reserata,
901 2817 929 2864 et
979 2809 1052 2865 ritati
1071 2823 1236 2880 repugnans,
1251 2818 1402 2865 creaturam
1417 2810 1524 2877 Filium,
1540 2811 1724 2885 facturamque
1735 2814 1777 2868 di-

129 2894 214 2949 rinoti
228 2903 332 2950 catenas
348 2905 461 2965 repente
474 2902 537 2950 sunt
551 2896 688 2968 disruptae.
705 2895 804 2953 Postea
816 2913 880 2955 vero
895 2899 929 2955 ad
979 2899 1070 2968 eebat,
1087 2900 1240 2970 adjiciens:
1258 2899 1323 2955 Erat
1346 2901 1490 2971 aliquando
1506 2903 1615 2972 quaudo
1629 2919 1682 2959 non
1705 2912 1775 2967 erat,

128 2985 214 3059 uh
227 2986 374 3059 principem
384 2987 495 3044 veniens
505 2986 625 3060 Byzantia
640 2996 705 3045 tune
717 2988 869 3058 degentem,
881 3005 929 3060 pa·
980 3000 1008 3046 et
1022 2992 1074 3046 alia
1087 3007 1147 3061 quac
1167 3008 1202 3048 ex
1222 2992 1293 3048 illius
1316 2993 1413 3048 litteris
1428 2994 1580 3049 indicantur
1594 2996 1697 3050 insana.
1711 2994 1773 3051 lime

126 3078 265 3134 entissime
278 3076 439 3133 beuelicium
453 3077 604 3147 promeruit
621 3077 695 3147 quod
718 3080 852 3150 poposcit.
867 3079 963 3163 Nunc
980 3095 1045 3150 ergo
1059 3098 1113 3137 nou
1129 3083 1217 3139 solum
1231 3083 1258 3138 in
1273 3082 1394 3139 Ecclesia
1413 3083 1575 3153 persistebat
1594 3085 1705 3150 docens,
1725 3086 1773 3140 scd

126 3170 203 3226 enim
223 3175 331 3240 poterat
353 3166 546 3225 Curastautinus
565 3168 625 3239 ejus
647 3170 824 3240 petitionibus
842 3170 926 3228 dene·
979 3175 1061 3228 etiam
1076 3175 1103 3229 in
1124 3173 1261 3230 extraneis
1284 3174 1461 3230 conventibus
1482 3183 1564 3244 atque
1586 3176 1724 3242 conciliis;
1745 3184 1773 3230 et

125 3280 207 3336 gare,
224 3279 286 3320 cuna
308 3264 334 3320 ei
353 3264 451 3320 svammi
478 3263 591 3321 honoris
615 3265 752 3321 cumulum
776 3266 924 3323 exhiberet.
978 3262 1074 3319 domos
1084 3264 1254 3331 circumiens,
1276 3266 1481 3338 quibuscunque
1500 3275 1617 3339 poterat,
1631 3270 1773 3326 scatebat.

126 3359 194 3416 llaec
210 3359 302 3430 itaque
314 3357 460 3414 brevitera
483 3356 561 3413 nobis
573 3357 646 3414 dieta
659 3357 693 3413 de
716 3359 866 3423 monachis,
880 3359 926 3427 qui
979 3359 1187 3428 Tueonnnarus,
1202 3359 1249 3414 tat.
1262 3377 1280 3423 v,
1293 3378 1351 3431 cap.
1366 3359 1395 3429 2,
1409 3378 1436 3432 p.
1452 3360 1479 3415 6.

125 3450 280 3510 tuneclare
293 3449 476 3521 philosophati
491 3457 563 3525 sunt,
588 3448 730 3507 sufficiant.
746 3447 796 3504 Cui
811 3465 876 3505 vero
893 3450 927 3505 de
1014 3449 1228 3522 [deprehendens
1253 3460 1343 3505 autem
1370 3451 1480 3519 quidam
1507 3449 1660 3521 hujusmodi
1690 3452 1773 3517 viros,

126 3544 171 3599 his
188 3541 311 3598 subtilior
333 3556 398 3595 cura
412 3538 502 3607 fuerit,
522 3555 646 3610 quarens
659 3540 778 3597 inveniet
797 3541 926 3613 plurium·
977 3541 1159 3597 Alexandrum
1171 3557 1279 3612 quoque
1301 3541 1437 3612 culpabat,
1453 3549 1581 3613 tanquam
1604 3558 1658 3598 non
1670 3543 1774 3599 utiliter

125 3647 189 3688 mm
199 3631 269 3686 vitas
279 3629 322 3687 hie
335 3646 389 3687 nou
403 3645 464 3688 esse
476 3631 601 3701 scriptas.
614 3629 760 3699 Scaeam,
773 3631 819 3686 st.
834 3648 853 3699 a,
865 3649 923 3704 cop.
977 3634 1079 3699 sileret,
1096 3633 1159 3688 dum
1182 3643 1276 3690 eontra
1290 3634 1387 3701 dogma
1410 3632 1506 3689 tierent
1520 3634 1663 3690 novitates.
1679 3634 1713 3688 At
1728 3633 1774 3690 ille

127 3724 174 3789 tt,
188 3742 215 3795 p.
229 3722 291 3778 lte.
977 3725 1075 3780 melius
1090 3725 1237 3779 arbitratus
1250 3739 1309 3779 esse
1323 3723 1357 3779 de
1376 3724 1465 3780 dubiis
1479 3738 1630 3779 sermonem
1646 3740 1680 3780 ex
1694 3734 1771 3779 utra·

513 3878 519 3894 ‚
976 3833 1030 3888 que
1045 3825 1121 3887 parte
1133 3816 1337 3886 proponendum
1349 3833 1357 3882 ;
1371 3823 1402 3870 ut
1416 3832 1470 3872 nou
1482 3815 1616 3872 videretur
1628 3830 1662 3872 ex
1676 3831 1773 3872 neces-

429 3878 544 3988 (ἥψω,
564 3877 620 3935 ΧΠ·
639 3974 645 3985 ρ
703 3975 708 3986 Ι
977 3913 1068 3978 sitam,
1084 3909 1132 3965 scd
1145 3911 1234 3980 potius
1253 3923 1286 3964 ex
1298 3908 1483 3965 satisfactione
1497 3919 1633 3965 certamen
1655 3888 1774 3963 ablatum

187 3973 425 4041 Qaamcdocoatrc
439 3972 585 4027 Ecclesiam
599 3974 720 4029 Araoaart
740 3983 856 4031 exortas.
978 4002 1030 4077 [ey
1047 4000 1128 4054 frog·
1151 4011 1176 4054 e,
1191 3999 1265 4064 Nm„
1280 3998 1401 4071 anatum]
1415 4017 1422 4053 :
1435 3999 1519 4069 judex
1533 4015 1594 4055 cum
1609 4000 1684 4054 elem
1699 4001 1773 4074 my,

163 4083 198 4139 Et
207 4084 272 4140 licet
286 4085 322 4140 ita
329 4099 379 4155 per
393 4084 483 4140 omnia
497 4083 609 4140 lloreret
621 4083 752 4153 Ecclesia,
764 4102 818 4143 uon
833 4096 924 4145 tamen
976 4093 1054 4160 dens,
1070 4092 1103 4146 ad
1118 4091 1320 4146 altercationem
1331 4089 1442 4144 deduxit
1453 4098 1593 4159 utramque
1606 4097 1721 4160 partem.
1739 4087 1774 4143 lit

125 4177 240 4249 pertulit
252 4176 383 4239 iuimicus,
400 4178 532 4234 elevatam
546 4177 624 4232 simul
642 4186 724 4250 atque
738 4179 924 4249 splendentem
976 4193 1065 4239 autem
1081 4182 1191 4238 evenire
1205 4183 1275 4237 solet
1288 4181 1360 4238 circa
1374 4181 1521 4237 certamina
1535 4181 1693 4246 verborum,
1710 4181 1774 4236 utri·

125 4273 208 4330 valde
222 4273 384 4344 respiciens;
399 4272 446 4329 sed
459 4271 594 4328 malevola
609 4272 924 4342 ccepittractareeonsi-
975 4292 1030 4346 que
1052 4290 1182 4346 superare
1205 4275 1370 4330 nitebantur.
1394 4274 1474 4329 Arius
1498 4282 1587 4328 tamen
1620 4274 1775 4330 nullatenus

122 4366 176 4432 tia,
191 4363 359 4420 coaoendeas
372 4362 550 4433 gubernatam
572 4377 588 4417 a
609 4362 724 4420 Domino
742 4372 770 4420 et
783 4365 924 4422 uuiversu-
976 4371 1148 4440 acquiescere
1161 4367 1278 4434 volebat,
1301 4369 1363 4438 qaia
1388 4364 1626 4422 consubstantialis
1640 4363 1723 4419 Filius
1744 4373 1774 4421 et

123 4470 189 4511 runt
203 4454 334 4512 Creatore
349 4454 534 4525 submergere.
560 4453 674 4511 Videbat
694 4454 785 4525 itaque
805 4469 924 4527 pagano·
938 4471 1126 4537 Donatemus
1139 4468 1181 4515 est
1193 4458 1275 4512 Patri.
1288 4458 1434 4518 suzanna..
1448 4458 1492 4511 tat.
1507 4471 1526 4523 t,
1538 4471 1596 4526 cap.
1609 4453 1653 4522 ¹5,
1668 4472 1695 4526 p.
1706 4452 1771 4511 tao.

123 4565 189 4605 ram
203 4564 297 4606 errore
309 4548 434 4607 sciuisse
446 4549 587 4620 nudatum,
601 4557 733 4621 captaque
740 4551 813 4606 varia
826 4551 927 4608 daemo-
1015 4551 1168 4608 Alexander
1182 4560 1273 4605 autem
1287 4547 1497 4620 apostolicorum
1507 4547 1663 4617 dogmatum
1677 4545 1775 4617 pradi-

125 4657 193 4697 nam
217 4641 444 4707 machinamenta,
468 4649 496 4696 ct
517 4649 669 4698 creaturam
691 4656 706 4696 a
728 4641 850 4713 plurimis
870 4643 927 4713 lam
979 4653 1067 4709 cator,
1082 4643 1158 4714 prius
1172 4641 1279 4711 quidem
1293 4655 1353 4696 curn
1365 4654 1494 4697 revocare
1504 4639 1735 4695 admonitionibus
1746 4644 1774 4693 ct

122 4745 184 4788 non
205 4730 324 4800 adorari,
338 4731 385 4788 sed
397 4730 520 4788 Creatori
542 4732 659 4804 hymnos
677 4731 807 4791 decenter
824 4733 926 4791 ullcrri.
979 4735 1100 4794 consiliis
1111 4734 1256 4790 nitebatur.
1272 4731 1339 4788 Cum
1353 4747 1419 4788 vero
1430 4748 1492 4788 cum
1503 4732 1642 4802 superbire
1652 4731 1774 4798 vidisset,

122 4823 167 4878 Ba
177 4823 264 4893 gratia
273 4822 329 4894 y'am
341 4835 396 4880 uon
408 4831 505 4895 aperte
524 4834 619 4881 contm
632 4826 777 4882 Dominum
792 4835 820 4884 et
830 4826 926 4884 Salva·
979 4837 1007 4886 et
1022 4838 1117 4900 aperte
1142 4826 1287 4898 impietatis
1311 4825 1430 4882 facinora
1452 4825 1610 4897 praedicare,
1625 4839 1659 4878 ex
1679 4820 1775 4877 ordine

123 4930 218 4974 torem
233 4924 355 4973 nostrum
369 4917 506 4973 excitabat
517 4918 631 4986 bellunm
643 4920 690 4974 scd
702 4920 775 4978 viros
787 4919 925 4978 inveniens
979 4922 1142 4981 sacerdotali
1157 4920 1281 4977 removit.
1298 4917 1427 4975 Audierat
1438 4919 1510 4975 enim
1530 4918 1689 4973 clamantem
1704 4911 1774 4968 diri·

121 5008 298 5064 clanstianoa
324 5009 434 5079 quidem
459 5024 491 5065 se
508 5010 643 5086 'vocabulo
668 5011 845 5081 prolitentes,
877 5013 925 5069 sed
980 5035 1043 5073 nam
1069 5017 1178 5087 legem:
1197 5014 1227 5070 Si
1249 5013 1337 5071 aculus
1363 5022 1421 5068 taus
1444 5012 1534 5068 dexter
1555 5008 1718 5065 scandalizat
1739 5016 1772 5071 tc,

122 5099 343 5156 amorelaouoris
356 5087 468 5155 {traam
479 5101 569 5169 gloria
579 5103 747 5158 reductosad
757 5108 925 5174 servitutem,
979 5127 1041 5164 crac
1054 5124 1121 5171 cara,
1137 5115 1163 5161 et
1172 5104 1270 5177 projice
1283 5102 1329 5159 obs
1344 5103 1489 5176 tetllattir.
1500 5118 1528 5168 v,
1538 5099 1594 5170 Pl).
1611 5098 1669 5156 lioc
1683 5098 1774 5166 itaque

122 5204 261 5259 organum
286 5205 335 5246 eos
354 5205 410 5247 sate
431 5192 639 5248 machinationis
659 5193 762 5258 habuit,
787 5210 837 5266 per
858 5210 926 5266 quos
981 5209 1103 5269 tempore
1124 5194 1253 5249 llommac
1268 5194 1374 5265 quidem
1388 5192 1513 5249 Ecclesia
1535 5189 1698 5263 Sylrestrins
1712 5190 1774 5243 reti·

121 5281 260 5350 plurimos
273 5280 306 5337 ad
319 5282 460 5352 pristinum
475 5281 582 5338 reduxit
595 5298 715 5339 errorem
729 5303 735 5338 :
751 5302 804 5340 non
817 5285 925 5357 quidem
981 5290 1076 5344 narrata
1099 5287 1276 5355 gubernabat,
1300 5285 1441 5340 llelcbiadi
1468 5285 1624 5349 succedens,
1645 5283 1691 5354 qui
1712 5289 1774 5353 past
1859 5315 1868 5330 .

120 5382 281 5430 creaturam
308 5391 401 5431 rarrsus
427 5375 535 5431 adorari
557 5377 736 5447 praecipiens,
762 5377 809 5432 scd
836 5384 922 5449 ipsum
977 5380 1160 5436 Marcellinum
1181 5378 1356 5433 clarillcatum
1378 5378 1405 5431 in
1428 5377 1618 5448 persecutione
1632 5376 1772 5447 gentilium

121 5457 329 5522 creatoremet
348 5466 439 5522 mundi
460 5467 595 5539 opilicem,
611 5478 780 5541 coaequatam
801 5481 925 5528 astruens
975 5477 1132 5540 susceperat
1150 5470 1209 5539 jura
1238 5469 1422 5538 pontillcatus.
1449 5468 1598 5522 Antiochiae
1622 5483 1686 5522 vero
1709 5476 1770 5536 post

122 5564 273 5612 creaturae.
286 5555 337 5613 but
351 5566 441 5613 autem
455 5558 508 5614 boe
522 5560 694 5632 principium,
709 5572 737 5618 et
750 5564 925 5632 quemadrno-
978 5573 1120 5635 tyrannam
1143 5561 1271 5617 Ecclesiae
1296 5561 1441 5617 inchoante
1462 5575 1541 5632 pace,
1563 5560 1657 5614 titulis
1673 5556 1772 5629 prmsul

122 5649 193 5704 dum
219 5650 276 5703 bac
300 5649 422 5705 inimicus
445 5650 546 5705 abania
570 5653 753 5724 seminaverit,
781 5656 924 5711 enarrabo.
979 5655 1102 5712 exstabat
1126 5654 1188 5728 (Aa.
1216 5652 1291 5708 Dona.
1312 5652 1387 5723 stt).
1408 5653 1458 5720 Qui
1481 5643 1562 5707 etiav'u
1583 5652 1720 5722 antiquam
1740 5667 1773 5706 ea

121 5738 292 5798 Ateaaudria
307 5739 401 5797 cirita
414 5748 456 5798 est
469 5741 585 5798 unanima
604 5751 633 5798 et
652 5745 790 5802 bominum
806 5747 928 5802 multitu·
979 5747 1069 5803 multis
1092 5745 1258 5819 temporibus
1272 5745 1435 5802 destructam
1459 5759 1474 5799 a
1494 5746 1614 5817 tyrannis
1633 5743 1776 5801 arlilicavit
