4059 6184
164 363 215 418 trs
620 360 689 417 uno
708 356 929 416 insimulans
947 353 1057 412 rutun
1077 343 1332 414 usnuuionun.
1753 365 1804 420 ren

163 485 229 540 ltens
243 489 326 539 etrum
339 491 448 538 centurn
461 482 655 566 qninquaginta
674 491 829 538 sanctoruni
844 477 955 534 Patruus
971 479 991 533 Α
1008 489 1111 527 utuntur
1138 473 1277 545 intumulata
1306 474 1454 530 columnam
1478 475 1552 532 nobis
1576 484 1699 533 adsersus
1723 497 1803 550 praua

271 554 317 623 qui
332 554 594 626 Constantinopolim
609 554 763 624 congregati
775 562 846 606 sunt.
1009 564 1133 635 deprecata
1148 564 1311 630 enitentem,
1328 565 1362 620 ad
1374 568 1598 639 confirmationem
1612 580 1740 628 rectorum
1755 571 1805 626 do·
1863 615 1867 624 .

198 660 334 718 Credimus
358 665 385 724 ia
408 663 487 719 nisum
511 664 594 720 Deum
617 663 723 719 Putrem
748 663 956 734 omnipotentem,
1008 666 1124 728 pmatuns
1138 659 1224 730 ntiprtr
1237 658 1396 713 intellectum
1410 661 1548 728 coaptarit.
1565 659 1617 715 llis
1630 679 1741 735 numque
1763 666 1805 736 epti

133 759 138 770 ’
163 756 291 825 lactarem
304 757 361 812 cali
375 766 400 811 et
413 767 501 823 terra,
521 758 661 812 visibilium
675 757 788 811 amnium
802 763 826 808 et
840 752 957 808 irenisibi-
1008 748 1037 801 iu
1052 747 1116 802 daos
1129 747 1198 817 filios
1214 749 1414 818 dispensationis
1428 750 1524 805 diuina·
1538 754 1688 830 ntpsteripm
1704 755 1804 808 discer-

161 846 244 911 liuns‚
270 855 294 907 et
318 848 345 901 in
365 864 445 902 unum
460 847 600 903 Dominum
612 847 703 902 lesum
715 845 844 901 Citristum
859 842 958 898 Filium
1008 855 1069 909 pere
1084 839 1202 894 nituntur
1214 841 1337 905 obsistit,·
1351 850 1376 895 et
1390 840 1449 895 illos
1463 841 1506 912 qui
1520 843 1668 913 passibilem
1683 843 1806 900 deitatem

164 935 211 990 Dei
233 939 404 1010 unimodum,
425 947 514 993 natum
525 956 558 994 ee
570 937 651 993 Patre
670 947 731 992 unte
743 937 831 991 ercinia
850 935 957 1002 sabula,
1011 931 1144 1002 Unipeniti
1158 935 1215 987 ausi
1230 941 1290 987 sunt
1309 933 1404 999 dicere,
1425 951 1532 990 asocra
1547 947 1610 990 catu
1629 937 1745 1004 expellit.
1772 931 1806 992 tn

163 1025 246 1084 Deum
267 1046 354 1084 rerum
368 1030 400 1085 de
416 1029 471 1086 Deo
485 1047 560 1096 uero,
580 1039 679 1096 marm,
703 1045 756 1084 non
777 1029 885 1101 luctum,
900 1043 960 1083 cort·
1008 1025 1049 1078 lris
1063 1024 1107 1095 nul
1121 1024 1148 1078 in
1162 1024 1262 1079 duabus
1276 1025 1377 1078 naturis
1399 1021 1495 1078 Christi
1519 1035 1747 1096 temperamentum
1761 1039 1806 1081 aut

162 1118 361 1175 substmttialem
385 1119 470 1186 Patri,
491 1137 537 1191 per
545 1136 619 1192 auem
627 1121 718 1175 mursia
736 1120 808 1191 saeta
821 1127 892 1184 sunt,
914 1116 958 1188 ptri
1008 1116 1187 1187 contusionem
1201 1115 1339 1186 exquirunt
1358 1116 1466 1169 resistit.
1491 1114 1523 1169 Et
1545 1134 1587 1171 eas
1611 1118 1655 1188 qui
1678 1119 1805 1173 calestem

161 1220 270 1283 propter
283 1228 331 1266 nos
345 1201 460 1266 bantines
474 1220 499 1266 et
513 1211 623 1270 salntem
644 1217 761 1284 nostram
775 1207 916 1269 descendit,
933 1215 959 1262 et
1008 1218 1054 1264 aul
1076 1207 1182 1266 alterius
1197 1210 1309 1282 alicujus
1329 1226 1384 1265 esse
1401 1210 1554 1265 substantiis
1568 1211 1658 1265 dicunt
1680 1228 1757 1283 quam
1771 1229 1805 1267 ce
1874 1255 1879 1272 .

161 1303 316 1358 incarnatus
329 1311 368 1357 est
382 1301 413 1356 de
428 1301 530 1375 Spiritu
550 1310 640 1356 sancto
658 1310 684 1355 et
704 1299 793 1355 Μανία
812 1298 920 1371 Vispine
934 1306 958 1351 et
1010 1299 1085 1356 nabis
1100 1302 1239 1372 assumpsit
1260 1301 1325 1356 serni
1340 1305 1461 1373 lantiam,
1477 1313 1505 1356 ut
1517 1303 1646 1358 densentur
1663 1305 1754 1377 abiait.
1770 1303 1806 1359 Et

162 1394 344 1463 humanatus,
366 1404 392 1449 et
413 1394 551 1466 cmcifiuns
571 1402 609 1450 est
630 1408 676 1465 pro
701 1392 774 1447 stabis
794 1390 841 1447 snb
864 1389 959 1445 Pontia
1009 1394 1052 1465 qni
1064 1393 1129 1447 dnus
1143 1392 1246 1465 putten
1270 1402 1331 1446 unte
1345 1394 1487 1448 unitionem
1502 1403 1610 1448 naturas
1633 1393 1740 1449 Domini
1762 1398 1805 1469 {a-

161 1484 264 1553 Pilats,
278 1495 303 1540 et
317 1486 432 1558 sepultus
444 1496 492 1551 cst,
508 1496 534 1541 et
548 1487 689 1542 resurrexit
703 1487 781 1540 tertia
796 1486 846 1548 die,
866 1501 959 1539 ascen·
1009 1483 1141 1550 bnluntnr,
1166 1501 1245 1538 unam
1260 1501 1317 1538 nero
1332 1494 1389 1555 post
1402 1486 1544 1539 unitionem
1561 1486 1723 1559 cortfinpunt,
1739 1504 1804 1543 con-

163 1579 200 1632 dit
212 1580 239 1633 iu
256 1578 345 1645 calos,
360 1587 385 1631 et
397 1578 463 1633 sedit
477 1578 512 1631 ud
527 1577 662 1644 deuterum
676 1575 775 1642 Putris,
790 1577 883 1629 iterum
898 1591 958 1629 nen-
1010 1575 1124 1629 demunt.
1142 1574 1283 1648 chtsenter
1296 1577 1376 1647 ipimr
1400 1589 1505 1632 sanictos
1531 1578 1622 1632 l’atres
1637 1596 1717 1633 unum
1733 1596 1805 1634 eunt·

164 1676 237 1722 turus
251 1685 310 1723 com
322 1667 407 1741 pluria
413 1667 536 1739 judicare
546 1669 615 1723 uiros
628 1676 653 1722 et
666 1676 791 1731 mortuos,
804 1666 959 1739 cujusrepni
1010 1666 1118 1738 lempse
1130 1667 1249 1737 confiteri
1264 1665 1287 1720 F
1288 1669 1362 1722 ilium
1377 1677 1402 1723 et
1423 1668 1564 1725 Dominum
1586 1680 1702 1726 nostrum
1715 1669 1804 1728 lesam

164 1777 217 1815 non
231 1762 281 1815 erit
293 1761 368 1831 pinis,
384 1769 409 1815 et
423 1763 451 1816 in
464 1757 593 1834 Spiritum
606 1770 724 1815 sanctum
738 1742 870 1814 dominura
884 1767 909 1813 et
922 1758 959 1813 ui·
1011 1757 1143 1813 Cirristum
1157 1768 1330 1813 consonantes
1354 1776 1443 1815 onustes
1459 1762 1588 1828 docemus,
1617 1763 1734 1818 euntdem
1750 1780 1805 1834 per·

164 1852 322 1921 silicantem,
335 1870 368 1909 es
387 1852 469 1908 Patre
481 1855 671 1926 procedentem,
687 1870 745 1908 cunt
760 1853 873 1908 Patreet
887 1849 958 1907 Fs'lio
976 1864 997 1924 Β
1012 1851 1106 1923 sectum
1128 1851 1155 1904 iu
1178 1851 1282 1912 deitate,
1303 1851 1419 1907 cumdem
1434 1855 1575 1926 perlectum
1589 1856 1616 1910 in
1631 1855 1804 1922 immanitate,

163 1941 359 1997 coadorandum
382 1952 407 1998 ct
429 1943 640 2016 clarificandum,
664 1946 709 2017 qni
731 1944 831 1999 locutus
852 1952 892 1998 est
913 1960 960 2009 per
1010 1939 1093 1995 Deum
1109 1958 1167 1996 uere
1179 1950 1204 1996 ct
1219 1942 1348 1997 bominem
1363 1960 1429 2008 uere,
1443 1944 1560 1999 cumdem
1574 1962 1607 2000 cu
1621 1948 1709 2001 anima
1724 1950 1806 2004 ratio-

163 2042 269 2088 scmctas
283 2033 433 2106 propbetas.
453 2042 478 2089 el
490 2035 516 2089 ia
530 2052 610 2089 unam
624 2035 779 2090 calliolicam
799 2042 824 2089 et
838 2035 960 2104 apostoli·
1008 2034 1065 2088 nuli
1079 2043 1104 2088 et
1117 2051 1234 2105 corpore,
1251 2034 1496 2092 consubstantialem
1511 2036 1589 2092 Patri
1598 2041 1736 2095 secundum
1748 2041 1805 2097 dei-

160 2140 222 2178 eanr
233 2122 388 2191 Ecclesiam.
404 2122 564 2198 Confitentur
574 2142 653 2180 unum
670 2125 808 2196 baptismo,
823 2133 848 2179 ct
868 2126 959 2179 remis-
1009 2125 1100 2195 tatc‘nt,
1124 2128 1370 2184 consubstantialem
1386 2130 1459 2186 nobis
1471 2131 1587 2186 eumdem
1602 2135 1744 2189 secuudum
1757 2136 1807 2190 bu-

160 2220 262 2274 nouem
272 2229 446 2290 peccatorum.
465 2218 608 2292 Speremus
619 2218 830 2274 resurrectionem
844 2226 959 2274 ntortuo-
1009 2222 1172 2288 munitatem,
1188 2223 1332 2292 peremnia
1353 2222 1426 2278 nobis
1449 2223 1560 2278 similem
1577 2225 1674 2298 absque
1688 2237 1805 2297 peecata,

159 2324 229 2368 rum.
247 2308 326 2363 unane
339 2310 421 2381 futuri
435 2308 534 2364 saculi.
550 2308 642 2363 Amen.
1008 2324 1069 2368 aute
1082 2313 1176 2369 sucula
1191 2313 1294 2385 quidem
1308 2314 1340 2369 de
1356 2315 1435 2370 Patre
1444 2318 1559 2387 penitam
1569 2320 1709 2373 secundum
1721 2320 1805 2375 deita-

197 2399 333 2472 Safficeret
346 2401 449 2472 quidem
463 2402 498 2455 ad
511 2400 615 2472 plenam
628 2399 802 2472 sepultionem
816 2400 920 2471 pictatis
933 2407 958 2454 et
1009 2415 1069 2473 sein,
1089 2407 1118 2461 in
1134 2407 1281 2462 inanissimis
1296 2416 1382 2463 mitem
1397 2407 1486 2463 diebus
1504 2409 1619 2464 eumdem
1639 2422 1744 2483 propser
1757 2430 1806 2469 pos

158 2493 389 2564 confirmationem
403 2494 508 2565 sepiens
522 2494 570 2549 lroc
588 2502 615 2549 et
628 2494 743 2549 salutare
757 2493 851 2548 diuinae
865 2494 959 2565 pratia
1008 2507 1034 2552 et
1047 2505 1152 2570 propter
1162 2497 1273 2552 salutem
1287 2507 1404 2554 nostram
1418 2516 1453 2555 en
1466 2498 1555 2554 biania
1574 2499 1681 2573 i'irpinc
1694 2501 1741 2557 Dei
1754 2501 1806 2558 Ge·

158 2584 316 2656 symbolum.
342 2582 383 2641 De
397 2584 560 2641 Patremim
579 2595 603 2641 et
618 2583 691 2640 Filio
712 2591 840 2640 etsanclo
856 2585 958 2656 Spiritu
1008 2589 1104 2643 nitriae
1126 2587 1268 2644 secantium
1297 2590 1507 2656 ltumanitatem,
1533 2607 1612 2648 unum
1639 2592 1808 2667 eumdemque

157 2678 345 2749 perlectionem
358 2676 443 2741 docet,
459 2687 484 2732 et
498 2675 606 2734 Domini
622 2677 832 2732 humanationem
844 2675 958 2752 fideliter
1008 2677 1139 2734 Cbristnm
1155 2677 1178 2732 F
1179 2679 1254 2734 ilium
1268 2678 1408 2736 Dominum
1419 2681 1590 2753 unipeniturm
1600 2683 1628 2736 in
1642 2682 1742 2738 duabus
1755 2701 1805 2738 na·

157 2771 344 2841 accipientibus
359 2781 538 2845 representet.
555 2771 609 2828 Sed
622 2773 747 2844 ursoniam
761 2771 787 2825 bi
803 2771 847 2844 pit
862 2770 957 2826 serim·
1008 2772 1086 2837 turis,
1098 2772 1244 2843 inconfuse,
1259 2770 1464 2839 immutabiliter,
1483 2771 1603 2836 indicise,
1617 2775 1804 2845 irrseparabili·

158 2865 192 2921 tis
214 2865 357 2939 reprobare
377 2866 592 2935 pradicationem
610 2875 739 2921 conantur
762 2881 809 2936 per
835 2862 956 2935 proprius
1008 2859 1265 2933 terepnosceudum,
1289 2875 1417 2934 nusquam
1435 2861 1538 2916 sublate
1562 2862 1712 2932 differentia
1731 2872 1807 2919 natu·

157 2961 271 3016 dereses
285 2977 365 3016 nouas
379 2976 452 3017 coces
466 2969 618 3031 pensurum,
643 2957 670 3013 bi
691 2956 794 3029 quidem
806 2955 956 3027 mysterium
1009 2967 1099 3006 rurum
1119 2952 1390 3024 propteranitionem,
1407 2953 1539 3026 mapisqne
1559 2953 1632 3008 suloa
1644 2955 1805 3025 propietate

157 3053 228 3124 estod
239 3053 378 3126 pronubis
394 3060 434 3107 est
454 3052 563 3108 Domini
577 3050 780 3124 dispensationis
794 3062 957 3117 corrumpere
1007 3043 1141 3116 ulmosque
1163 3055 1274 3111 natura,
1300 3053 1325 3099 et
1339 3045 1366 3100 in
1380 3061 1460 3099 unam
1473 3063 1613 3118 personam
1628 3057 1705 3120 atque
1717 3048 1801 3105 subsi·

157 3151 357 3214 presumentes,
376 3152 401 3199 et
415 3141 463 3198 Dei
478 3143 611 3216 penitricis
625 3158 711 3197 nocem
726 3141 758 3195 de
773 3138 881 3211 Virgine
892 3135 954 3191 bla-
1007 3136 1129 3190 atentiam
1143 3143 1348 3202 caticumenlem,
1361 3153 1414 3192 nari
1428 3138 1456 3193 in
1469 3137 1535 3193 duas
1544 3156 1669 3211 personas
1680 3143 1807 3211 partitum

157 3236 199 3292 rin
212 3234 302 3290 disere
315 3244 460 3300 renuentes,
478 3234 526 3289 alii
539 3250 598 3288 uero
611 3232 791 3304 confusionem
803 3227 955 3298 permistio·
969 3252 992 3316 C
1007 3231 1086 3296 etque
1099 3224 1223 3293 diuisum,
1244 3226 1380 3282 sedunum
1394 3234 1419 3282 et
1438 3228 1557 3283 eumdem
1575 3225 1599 3281 F
1600 3229 1673 3284 ilium
1688 3233 1806 3303 unipeni·

158 3326 485 3399 wemmam,
498 3333 524 3380 ,p
536 3340 616 3379 mm
625 3329 814 3379 menapum„
829 3318 917 3373 parnt,
930 3325 954 3372 es
1007 3316 1062 3365 tum
1083 3309 1166 3366 Deum
1181 3311 1291 3367 Verbum
1305 3310 1447 3368 Dominum
1465 3312 1556 3369 lesum
1572 3312 1714 3383 Ciristnsn,
1735 3319 1803 3374 sicut

157 3416 264 3474 &nau
281 3416 360 3472 sulse
372 3416 559 3488 conpinpentem
574 3422 599 3469 et
612 3411 762 3484 passibilem
774 3408 901 3480 unipeniti
914 3405 957 3461 di·
1006 3410 1069 3456 ente
1084 3403 1217 3473 propbeta
1230 3403 1263 3456 de
1277 3420 1307 3458 co
1328 3414 1353 3459 et
1365 3406 1422 3476 ipse
1435 3422 1483 3461 nos
1495 3407 1571 3463 iesus
1586 3408 1703 3465 Citristus
1715 3412 1805 3468 erudi·

157 3508 247 3563 pipam
261 3514 385 3561 patum
402 3523 448 3577 pes
466 3505 645 3577 censuissem
659 3508 806 3572 portentose
829 3497 954 3560 dieentes,
1006 3490 1052 3556 bit,
1072 3500 1098 3544 et
1120 3488 1232 3546 Patrunt
1247 3492 1319 3548 nobis
1342 3494 1485 3564 spmbolum
1500 3497 1620 3554 tradidit.
1646 3499 1695 3555 ttis
1722 3502 1803 3574 initas

158 3596 190 3653 ps
201 3597 251 3654 1100
264 3598 320 3652 tuti
332 3613 434 3653 omnm
446 3596 664 3651 mitissimum
677 3601 767 3649 cossim
779 3589 858 3663 fidem
868 3588 956 3646 nolens
1006 3581 1150 3639 cumomni
1168 3583 1281 3654 nrtdmne
1297 3585 1496 3657 scrupulositate
1509 3598 1534 3642 ct
1547 3589 1684 3662 eitipemiu
1698 3610 1714 3647 α
1729 3594 1807 3650 nobis

158 3688 281 3742 etnam
292 3703 408 3758 presens
423 3703 492 3742 nuuc
505 3696 598 3741 sancta
610 3694 637 3741 et
647 3700 744 3757 mapns
759 3691 837 3754 otene
849 3681 955 3738 nnmer-
1006 3673 1150 3746 dispositis,
1171 3674 1288 3745 definieit
1301 3685 1394 3730 sancta
1403 3686 1429 3732 et
1441 3680 1596 3736 uniuersalis
1609 3680 1724 3753 synodus
1739 3684 1804 3739 alte·

157 3779 223 3836 salis
235 3778 363 3851 spnodus,
378 3777 591 3850 pradicationem
605 3777 673 3831 banc
683 3773 715 3830 ab
729 3774 804 3831 initio
818 3775 957 3830 inconeus-
1006 3783 1064 3821 ram
1086 3767 1165 3838 fidem
1187 3768 1252 3823 rtulli
1274 3767 1351 3824 licere
1374 3773 1494 3844 prolerre
1508 3773 1547 3828 uel
1561 3775 1733 3845 carrseribere,
1756 3788 1803 3833 ent

159 3888 216 3927 sarrs
229 3873 337 3937 docens,
359 3871 477 3937 delinivit
490 3869 669 3942 principaliter
684 3876 854 3922 trecentorum
867 3866 956 3921 decens
1006 3877 1169 3932 componere,
1184 3870 1229 3916 aul
1242 3864 1349 3931 sentire,
1364 3873 1410 3918 aut
1424 3865 1517 3921 docere
1537 3867 1624 3923 aliter.
1647 3867 1702 3924 Eos
1716 3880 1802 3926 autern

158 3973 185 4018 et
196 3973 255 4020 acto
268 3974 421 4019 sanctorum
433 3972 537 4035 patrans
554 3962 633 4034 fidem
647 3976 753 4017 manem
765 3958 953 4016 intentabilem.
1005 3952 1050 4023 uti
1061 3953 1119 4008 titii
1133 3963 1195 4006 sunt
1212 3969 1368 4024 competere
1387 3956 1465 4021 fidem
1479 3958 1601 4024 alteram,
1616 3973 1662 4015 aut
1670 3965 1802 4035 prolerre,

159 4053 194 4109 fis
215 4064 324 4128 propper
342 4054 401 4111 5110,
415 4056 518 4127 quinem
531 4057 574 4125 ,pis
589 4054 726 4110 aspersum
741 4061 861 4108 macrum
871 4052 956 4123 Spiri-
1006 4052 1052 4098 aut
1065 4042 1166 4108 docere,
1182 4052 1228 4098 aut
1243 4043 1348 4099 tradere
1361 4048 1473 4103 alterum
1487 4052 1642 4122 spntbat'um,
1659 4054 1805 4111 nolentibus

159 4149 340 4218 tumpepnunt
354 4145 493 4217 posteiori
507 4153 621 4213 tempore
635 4161 650 4197 α
664 4140 785 4197 Patribus
799 4142 870 4213 apud
884 4140 955 4196 Con·
1005 4136 1045 4190 vei
1059 4151 1091 4191 ex
1106 4137 1249 4209 aedilitate
1270 4137 1305 4191 ad
1321 4141 1481 4212 apnitionetn
1504 4146 1630 4213 ueritutis,
1653 4147 1691 4202 sel
1704 4164 1737 4202 cn
1754 4145 1803 4202 lu·

157 4235 359 4305 stantinopolim
373 4232 427 4292 CL.
444 4235 617 4306 concrepatis,
633 4233 666 4286 de
678 4231 825 4287 substantia
839 4230 955 4302 Spiritus
1006 4229 1081 4296 duis,
1097 4229 1136 4284 ael
1146 4247 1179 4284 cn
1197 4230 1291 4285 lrnresi
1306 4248 1457 4306 quacunque
1479 4235 1603 4302 corruenti,
1621 4238 1684 4308 loos,
1709 4243 1732 4295 si
1747 4242 1803 4311 epi·

157 4330 284 4384 traditam
297 4330 444 4386 doctrinam
458 4327 618 4389 corroborat,
634 4324 761 4398 quantilli
772 4323 891 4378 omnibus
905 4339 954 4378 no·
1006 4325 1078 4394 scopi
1093 4323 1190 4394 suennt
1204 4332 1250 4377 nul
1262 4325 1359 4391 clerici,
1374 4325 1473 4380 alienos
1487 4343 1544 4382 esse
1554 4330 1687 4401 episcopos
1701 4328 1735 4383 ab
1748 4332 1817 4401 cpi·v

157 4429 212 4476 tam
230 4422 359 4493 lecerunt,
387 4437 439 4476 non
454 4420 527 4493 quasi
543 4418 612 4490 quod
627 4415 726 4488 aliquid
747 4424 815 4471 essct
829 4415 914 4469 minus
928 4414 955 4468 in
1004 4423 1113 4485 scopatu
1124 4421 1149 4469 et
1163 4415 1272 4471 clericas
1286 4433 1302 4469 a
1316 4416 1385 4471 clero
1399 4433 1409 4483 ς
1428 4417 1452 4472 si
1470 4435 1528 4473 nero
1542 4419 1665 4474 ntonaclti
1678 4434 1723 4475 aut
1741 4420 1816 4477 laici»

156 4511 363 4584 precedentibus
383 4513 545 4583 inserentem·
569 4510 615 4564 sed
638 4509 669 4563 de
684 4507 785 4579 Spiritu
809 4516 899 4562 sancto
913 4508 955 4561 in·
1006 4505 1113 4577 luerint,
1129 4506 1357 4561 nnatlrematieari.

156 4599 288 4656 watern
310 4617 401 4657 eorum
421 4601 544 4656 aduersum
562 4617 609 4655 eos
622 4600 665 4672 qni
680 4598 883 4654 dominationem
896 4600 995 4686 ejusD
1042 4594 1218 4652 Dilectissimo
1232 4597 1308 4668 [ratri
1322 4596 1347 4650 F
1348 4596 1453 4654 ladano
1467 4595 1528 4655 Lce.

157 4709 284 4766 rapuere
295 4703 467 4760 remanerent,
482 4693 677 4766 scripturarum
695 4690 849 4747 testimoniis
868 4690 954 4746 deela-
1043 4687 1128 4743 tectis
1145 4687 1291 4744 dilectionis
1307 4698 1358 4745 tuce
1371 4689 1475 4758 litteris,
1500 4677 1566 4764 ends
1581 4697 1708 4750 miramur
1719 4697 1801 4768 luisse

154 4791 255 4840 sanes.
277 4781 389 4856 Propter
409 4784 468 4839 illos
483 4800 541 4839 uero
560 4783 605 4856 qai
616 4782 766 4855 mysterium
781 4779 956 4850 dispensatio·
1006 4789 1060 4835 tam
1070 4796 1153 4846 seras,
1168 4788 1193 4834 et
1204 4788 1335 4853 pedorum
1349 4781 1536 4854 episcopalium
1549 4785 1642 4841 ordine
1663 4788 1801 4855 recensito,

154 4861 198 4930 riis
212 4892 379 4948 corrumpere
392 4878 545 4942 moliuntur,
560 4884 586 4930 et
596 4891 688 4948 purum
703 4874 832 4930 bantinum
844 4873 955 4947 esseqai
1005 4871 1111 4928 tandem
1130 4872 1193 4945 quid
1214 4872 1285 4942 apud
1303 4889 1348 4928 uos
1369 4873 1500 4930 scandali
1510 4887 1602 4932 centra
1625 4878 1800 4951 intepritatem

151 4981 189 5022 ee
212 4976 307 5022 sancta
326 4966 433 5041 Vispine
455 4966 545 5022 Μανία
561 4975 639 5020 nutus
657 4972 696 5020 est
715 4965 878 5035 impudenter
891 4963 953 5018 deli·
1007 4963 1071 5035 fidei
1085 4972 1205 5018 exortum
1219 4966 1309 5036 [auset
1321 4965 1518 5036 squammosa
1529 4969 1667 5040 numptius
1677 4968 1800 5024 uideban-

151 5050 256 5127 rentes,
280 5059 403 5129 epistates
421 5058 490 5113 beati
511 5057 603 5130 Cusini
617 5056 805 5112 amantum
828 5053 954 5110 Ecclesia
1007 5065 1051 5116 tur,
1072 5055 1173 5111 occulta
1199 5072 1268 5111 nunc
1290 5056 1368 5111 nobis
1388 5067 1503 5112 reserata
1531 5067 1684 5131 putuerunt,
1709 5060 1802 5133 quibus

149 5151 277 5222 presulis
285 5151 424 5223 synodicas
435 5149 470 5204 ad
481 5146 633 5204 Nestorium
645 5156 670 5201 et
680 5145 716 5201 ad
725 5145 792 5202 alios
801 5162 847 5217 per
857 5143 953 5200 Orien·
1006 5144 1148 5220 Eutpclses,
1161 5148 1205 5220 qui
1218 5145 1645 5221 prestpnriinonmetmurebitis
1654 5149 1800 5222 uidebatur,

151 5253 206 5298 tem
229 5258 361 5315 roaprnas
391 5242 531 5298 existentes
558 5240 670 5310 suscepit
698 5238 735 5294 ad
764 5237 952 5295 concinnandas
1006 5239 1116 5295 multum
1135 5238 1287 5310 imprudens
1306 5248 1331 5295 et
1345 5242 1424 5296 nimis
1437 5240 1750 5312 inpraesentiarium·
1770 5254 1801 5299 ut

150 5333 275 5392 Nestorii
287 5335 416 5402 resanius,
426 5334 668 5404 interpretationem
682 5347 741 5387 tero
753 5348 841 5387 eorsum
854 5330 898 5404 qui
909 5347 952 5385 sa·
1000 5329 1060 5401 iant
1074 5330 1106 5384 de
1115 5330 1172 5402 ipso
1185 5331 1283 5385 dictam
1293 5332 1327 5385 sit
1340 5348 1357 5385 a
1368 5332 1494 5403 propbeta
1510 5348 1520 5386 .·
1542 5330 1634 5386 Noluit
1647 5331 1801 5404 intelligere

149 5428 248 5484 lutaris
258 5427 371 5499 symboli
384 5427 427 5497 pia
438 5426 494 5499 arla
505 5442 582 5481 nosse
595 5424 753 5488 desiderant,
768 5423 860 5495 quibas
873 5423 952 5478 etiam
1005 5428 1034 5475 ut
1048 5421 1119 5476 bene
1139 5429 1245 5489 ageret,
1268 5421 1437 5492 iniquitatem
1461 5420 1607 5479 meditatus
1623 5433 1665 5480 est
1678 5424 1705 5480 in
1717 5426 1800 5481 cubili

148 5521 292 5592 epistolam
305 5534 428 5591 scapnam
442 5527 467 5573 et
481 5516 591 5574 senioris
600 5515 670 5570 urbis
681 5514 800 5586 presulis
811 5512 952 5567 beatissimi
1003 5527 1064 5568 suo.
1086 5510 1157 5576 Quid
1179 5522 1265 5566 nutem
1280 5515 1394 5584 iniquius
1407 5529 1484 5586 ptam
1508 5515 1587 5587 impia
1601 5532 1693 5585 sapere
1712 5527 1738 5572 et
1756 5535 1801 5572 sa·

149 5620 177 5666 et
190 5610 352 5665 smectissimi
366 5608 555 5681 archiepiscopi
568 5604 673 5673 Leonis,
687 5617 745 5677 que
758 5604 855 5675 scripta
869 5612 906 5658 est
916 5602 953 5657 ad
1006 5605 1175 5678 pientioribus
1200 5607 1398 5678 doctoribusque
1420 5623 1473 5662 nan
1486 5603 1601 5664 cadmei
1623 5608 1677 5666 Sed
1690 5609 1718 5665 in
1732 5611 1801 5665 lione

150 5709 256 5758 sancte
273 5700 406 5756 memmiae
419 5698 643 5771 archiepiscopum
657 5694 814 5750 Flauianum
828 5694 863 5748 ad
882 5694 954 5766 peri·
1005 5697 1182 5768 insipientiam
1195 5698 1292 5755 cadunt
1307 5699 1423 5772 quietum
1433 5699 1470 5756 ad
1488 5702 1694 5775 capnoscendaat
1707 5704 1800 5759 seritu-

151 5796 277 5852 ssendum
302 5793 427 5867 lintpeltis
449 5794 547 5850 malam
567 5791 775 5865 iutellipentiam,
795 5799 824 5845 nt
846 5800 905 5861 pote
927 5800 953 5847 ct
1005 5799 1057 5845 tens
1070 5791 1157 5861 alieno
1171 5789 1347 5863 impediuntur
1369 5790 1488 5861 obscuro,
1509 5809 1562 5848 non
1587 5791 1622 5848 ad
1633 5792 1802 5867 pronlteticos

147 5888 241 5962 sensui
263 5881 335 5944 iilius
351 5886 423 5945 Petri
436 5885 594 5960 confessioni
617 5893 810 5958 consecrantem,
834 5891 859 5939 et
881 5900 951 5940 cosrt-
1005 5898 1099 5952 uoces,
1114 5900 1165 5940 nen
1180 5882 1216 5940 ad
1227 5883 1384 5956 apostolicas
1400 5884 1508 5954 titanas,
1530 5882 1626 5942 necati
1639 5869 1814 5959 euanpclssa's
