4059 6184
576 238 582 250 0

717 444 801 490 tutto
823 441 937 488 ὓΟΙΙΙΙΙΙ
960 439 1227 485 linunt-titt.

369 558 1038 816 VIGILIUS
1131 549 1585 929 rnen:
1791 651 1795 725 =

731 857 869 916 numnis
888 857 1181 931 (celibroPciitifieuli
1207 897 1214 911 .

193 1070 305 1140 vigilius
319 1077 333 1106 ¹
349 1065 460 1122 natione
474 1061 622 1128 Roiiianns,
633 1076 665 1115 err
681 1069 758 1132 patre
771 1059 876 1116 inanire
886 1076 950 1115 cmi·
966 1068 987 1120 Α
1002 1067 1110 1114 secutos
1123 1067 1164 1113 cst
1182 1056 1300 1112 loannes
1320 1060 1448 1128 magister
1470 1058 1583 1113 militum
1606 1075 1789 1131 cognomento

156 1161 225 1227 sule,
240 1158 312 1214 sedit
328 1171 414 1211 aiinos
430 1154 461 1207 l'l
478 1154 491 1192 l
506 1166 613 1207 menses
628 1149 646 1203 5
660 1150 699 1222 (α)
715 1151 774 1206 dies
787 1148 833 1205 26.
847 1149 949 1205 Eodem
1001 1149 1204 1219 sanguinarius,
1220 1158 1248 1203 et
1262 1149 1348 1203 tenuit
1359 1163 1431 1211 eum,
1457 1155 1485 1202 et
1504 1150 1610 1204 adduxii
1634 1152 1666 1206 ad
1687 1153 1789 1210 Belisa-

158 1261 283 1320 teinpore
297 1244 440 1302 belisarius
451 1241 578 1313 patricius
596 1240 732 1296 commisit
745 1240 844 1295 bellum
861 1250 872 1278 θ
889 1254 949 1294 cum
1000 1240 1069 1294 rium
1089 1238 1161 1293 etad
1179 1237 1301 1307 ligitium
1329 1237 1451 1292 Romam.
1469 1237 1545 1293 Tunc
1559 1239 1693 1297 dederunt
1704 1244 1729 1300 ei
1743 1261 1788 1300 sa·

159 1340 260 1408 h‘ittige
279 1352 343 1407 rege
357 1335 515 1391 Gothorum.
536 1331 622 1398 Quem
646 1330 791 1401 fugientem
808 1339 889 1385 noctu
906 1331 948 1385 in·
1001 1339 1139 1385 eramenta
1159 1330 1184 1384 iii
1196 1330 1305 1384 basilica
1320 1328 1453 1398 initiati),
1478 1337 1507 1382 ιιι
1522 1329 1625 1384 sotrum
1642 1333 1714 1388 illem
1727 1351 1788 1405 per·

196 1480 237 1546 (u)
250 1474 298 1528 ils.
314 1472 389 1537 Luc,
406 1471 432 1524 i.
1040 1462 1077 1533 (Ιι)
1093 1460 1164 1516 hiem
1182 1461 1253 1524 cod,
1268 1461 1350 1515 tritta.

198 1588 292 1646 ¹Cam
313 1589 424 1657 tttgttins
437 1586 529 1642 lavore
544 1585 602 1641 The
613 1585 695 1640 ,dorm
716 1584 843 1654 Anguste
866 1585 892 1638 in
907 1599 949 1639 se-
1003 1592 1062 1638 ctus
1077 1592 1136 1635 est:
1162 1582 1187 1634 in
1203 1580 1291 1634 locum
1310 1578 1369 1647 ciris
1391 1579 1522 1633 successit
1543 1577 1674 1633 Macarius
1689 1579 1726 1646 ll,
1746 1583 1792 1653 qui

160 1659 224 1716 (lein
247 1659 421 1729 apostolicam
445 1658 562 1712 intrusus
585 1664 646 1725 post
668 1655 770 1708 obitum
794 1654 900 1708 Silterii
921 1670 951 1708 se
1004 1667 1038 1706 ex
1056 1650 1166 1706 siriistm
1188 1648 1288 1717 judicio
1308 1647 1487 1717 suspicionem
1511 1648 1645 1703 haereseos
1669 1650 1790 1706 incurrit.

162 1729 319 1799 pontitieitu
342 1727 456 1782 subdole
479 1726 640 1787 abdicasset,
665 1739 697 1779 ea
717 1739 765 1793 spe
785 1726 898 1778 tortasse
922 1732 952 1777 ut
1005 1721 1148 1776 Theodora
1161 1719 1279 1784 Augusta
1303 1717 1430 1773 heretica
1450 1717 1595 1773 Severiana
1620 1718 1653 1773 ad
1678 1723 1793 1776 eversio·

163 1815 214 1869 per
226 1798 312 1853 studia
328 1796 448 1852 belisarii
463 1796 581 1865 ligitium
594 1795 747 1862 eligeretur,
764 1793 892 1847 electuris
907 1808 953 1847 no-
1006 1807 1068 1845 nem
1083 1790 1143 1845 sidet
1158 1789 1314 1843 orthodoxe
1327 1787 1412 1840 solum
1428 1787 1539 1851 intenta,
1554 1804 1614 1842 cum
1625 1790 1792 1859 imperasset,

163 1884 226 1923 ιιιιιιι
241 1866 394 1938 pontilicem
409 1865 538 1921 Romanor
553 1864 679 1919 Ecclesia}
689 1863 794 1918 clcricis
809 1864 853 1917 illc
866 1873 953 1917 metus
1006 1869 1077 1916 teste
1091 1859 1233 1929 Procopio.
1247 1872 1346 1912 amium
1358 1873 1439 1912 unum
1454 1864 1481 1912 ct
1500 1858 1603 1928 viginti,
1624 1874 1695 1914 anuo
1710 1860 1794 1942 impe-

163 1938 282 2000 iiicessit,
308 1954 342 1991 ne
362 1936 385 1991 si
407 1935 531 2004 vigilium
554 1934 645 1988 multis
667 1933 823 1988 criminibus
846 1934 953 1988 notorie

163 2007 375 2062 contaminatum
395 2005 535 2075 eligerent.
559 2004 586 2057 iii
610 2019 701 2058 sacros
722 2018 841 2057 canones
864 2002 950 2055 ilcliii·

164 2085 295 2145 quereiit;
327 2076 350 2130 si
364 2089 429 2130 iero
441 2074 619 2143 praeterirent,
639 2072 776 2127 schismati
800 2082 828 2126 et
850 2072 953 2140 perieu-

165 2146 306 2200 liisissimse
321 2144 596 2199 narestoccisionnn
619 2143 780 2212 praeberem.
806 2140 871 2194 Post
894 2142 950 2196 lon·

165 2228 226 2283 gani
238 2214 472 2275 consultationem,
498 2212 531 2265 ad
553 2212 729 2266 auertendum
753 2211 905 2266 schismatis
926 2219 955 2264 et

166 2284 301 2339 liareseos
317 2282 464 2353 periculum
474 2321 481 2344 ,
493 2279 583 2335 divino
603 2282 729 2336 instinctu
744 2281 875 2349 ,tortasse
893 2296 953 2334 om-

166 2356 241 2408 nium
252 2367 385 2408 consensu
401 2352 503 2406 electus
517 2359 559 2404 est
572 2349 704 2417 vigitiis,
725 2351 874 2406 catholicus
894 2350 954 2418 qut

166 2425 241 2490 ilem,
257 2422 304 2477 sed
316 2429 427 2490 propter
441 2421 625 2484 airibitionein,
641 2421 828 2475 baereticorum
841 2435 955 2474 conver-

167 2491 274 2547 satione
287 2491 412 2561 pollutus.
436 2489 500 2545 Post
520 2489 645 2545 emissam
667 2489 727 2544 hilei
745 2487 955 2549 confessionem.

167 2562 310 2630 omnisque
327 2561 460 2615 haereseos
484 2558 716 2625 exsecrationem,
735 2567 844 2613 erectos
866 2564 908 2612 est
930 2558 956 2611 iii

168 2631 294 2685 thronum
319 2629 484 2700 perititictom
499 2627 666 2683 incolendas
683 2626 758 2693 iulii,
772 2641 843 2681 antio
857 2624 956 2679 Christi

167 2698 233 2765 ste,
247 2700 294 2769 qui
312 2709 354 2755 est
367 2699 506 2772 iustiniani
527 2698 571 2753 ll.
592 2695 656 2751 llaec
669 2696 758 2750 omnia
773 2705 838 2750 nutu
853 2695 900 2749 hei
917 2695 957 2748 ln-

168 2777 214 2825 cta
225 2784 285 2824 esse
299 2769 424 2839 probarit
436 2776 558 2823 evemus.
578 2764 735 2820 lliliiiirabili
745 2766 816 2819 euim
831 2766 957 2834 exemplo

168 2837 267 2895 accidit
289 2846 318 2895 ut
339 2840 384 2908 qui
398 2837 431 2892 ad
450 2837 661 2892 maledicendum
684 2835 785 2904 populo
808 2835 854 2888 [lei
877 2845 956 2889 auter

169 2906 258 2963 luerat
273 2908 408 2975 inductus,
423 2907 492 2961 idem
513 2905 546 2960 ad
561 2904 772 2960 benedicendum
786 2904 874 2959 eidem
889 2919 956 2958 con-

170 2985 332 3042 verteretur,
363 2991 477 3047 uemque
490 2974 631 3030 Theodora
654 2974 690 3029 im
727 2975 811 3028 ratiis
825 2975 859 3027 ait
879 2988 957 3028 reru-

170 3045 284 3102 cendum
297 2993 453 3102 ΑιιΙΙΙιιιιιιιι
471 3045 498 3100 io
512 3044 601 3101 sedem
615 3045 689 3114 ponti
702 3043 795 3099 icalcm
819 3052 956 3107 crexerat,

172 3117 217 3172 ille
231 3125 291 3186 post
305 3116 451 3185 legitimam
474 3116 514 3170 sui
528 3114 688 3170 electionem
707 3114 850 3168 arinthema
864 3113 958 3168 adrer-

171 3199 219 3240 sus
232 3185 355 3241 eumdem
379 3193 460 3253 atque
474 3184 590 3253 collegas
604 3184 687 3254 ipsius
703 3183 843 3239 haereticos
856 3184 959 3251 irroga·

172 3262 230 3309 tunr
243 3256 339 3310 iterum
352 3254 561 3310 continuaverit.
585 3253 750 3307 Jttslittittttus
764 3254 912 3323 imperator
925 3253 958 3308 de

173 3325 291 3393 legitima
305 3325 438 3381 electione
450 3323 537 3393 vigilii
551 3325 650 3378 certior
664 3323 711 3377 red
721 3324 792 3387 titus,
810 3338 886 3379 more
900 3338 958 3378 mn·

169 3392 261 3461 jurum
273 3410 383 3449 suornm
396 3393 467 3464 apud
481 3392 604 3449 cumdem
618 3408 667 3474 per
685 3393 801 3461 legatum
815 3403 842 3448 ct
856 3394 958 3463 episto·

172 3463 227 3518 larii
252 3463 312 3519 lldei
338 3463 534 3519 contessionem
554 3463 647 3527 edidit,
672 3472 701 3516 nt
719 3470 794 3532 patet
807 3477 839 3516 eri
855 3463 957 3516 reddita

172 3530 262 3602 vigilii
276 3533 400 3603 epistola,
413 3548 466 3602 qua
477 3541 574 3602 preater
591 3533 820 3601 exspectationem
835 3531 958 3586 Theodo-

172 3616 212 3657 rae
225 3602 351 3673 Augustae
361 3604 388 3657 in
399 3602 552 3656 huttiimuin
567 3601 611 3670 eju
645 3617 678 3657 iie
692 3601 808 3670 collegas
819 3600 960 3656 hereticos

1006 1931 1040 1986 rii
1054 1929 1195 1984 iustiniani
1206 1926 1250 1988 23.
1275 1927 1335 1981 diro
1346 1927 1525 1982 anathematis
1545 1928 1636 1995 iaculo
1651 1945 1700 2012 per
1723 1930 1794 2000 tigi-

1006 2001 1072 2055 liuin
1086 1999 1215 2060 sauciata,
1231 1997 1377 2053 ulciscente
1391 1998 1499 2052 nurnine
1513 1997 1582 2050 baud
1597 1998 1677 2053 dubie
1691 1998 1793 2071 divino,

1006 2071 1105 2124 misere
1120 2068 1230 2122 interiit.
1250 2068 1308 2133 Qua
1324 2068 1376 2121 ltde
1389 2081 1455 2135 ergo
1468 2066 1625 2122 Anastasius
1638 2069 1709 2124 dicit
1725 2069 1796 2139 tigi-

1008 2139 1073 2193 lium
1082 2139 1159 2205 jiissu
1173 2137 1350 2207 imperatricis
1363 2151 1380 2190 e
1399 2136 1500 2205 templo
1512 2135 1618 2190 Sanctae
1639 2137 1795 2208 Euphemice

1005 2209 1178 2263 Chalcedone
1192 2214 1342 2261 extractum
1357 2204 1452 2270 luisse,
1469 2206 1536 2258 inira
1551 2206 1682 2263 dicemus.
1698 2209 1726 2263 st
1741 2226 1795 2265 non

1008 2279 1015 2331 i
1029 2299 1042 2328 n
1065 2279 1096 2332 inc
1110 2277 1189 2345 biq'us
1202 2275 1306 2330 lentina}
1320 2274 1432 2343 imperio
1448 2276 1526 2330 nimis
1538 2276 1690 2348 obsequens
1704 2277 1797 2336 luisset

1010 2293 1162 2408 Bcfisarios,
1175 2359 1321 2415 manusque
1333 2346 1464 2400 violentas
1474 2361 1489 2398 a
1500 2344 1615 2400 Silierio
1628 2349 1793 2414 retraxisset,

1006 2416 1177 2472 felicissimus
1191 2413 1284 2469 luisset
1303 2414 1357 2468 dor
1371 2415 1503 2468 rnilitum:
1527 2416 1589 2484 quia
1607 2423 1696 2472 tamen
1712 2418 1794 2474 Deoua

1008 2487 1114 2540 sentinae
1127 2484 1288 2553 postposuit,
1312 2499 1328 2538 e
1341 2499 1444 2538 suiiirua
1458 2484 1543 2552 gloria
1565 2485 1590 2539 iii
1606 2485 1723 2542 trituram
1737 2488 1794 2543 ior·

1008 2564 1099 2608 tunam
1111 2554 1209 2608 misero
1223 2563 1263 2607 est
1277 2554 1406 2621 depectus.
1428 2551 1493 2606 Nem
1510 2569 1570 2608 cum
1584 2553 1619 2610 de
1632 2555 1734 2612 insidiis
1748 2558 1795 2613 lu-

1006 2624 1123 2694 stiniano
1139 2623 1295 2693 imperatori
1312 2624 1412 2693 paratis
1427 2631 1568 2678 accusatus
1582 2623 1685 2688 luisset,
1701 2636 1728 2681 et
1742 2629 1796 2683 lor-

1007 2703 1079 2749 tasse
1092 2694 1172 2748 etiam
1187 2692 1335 2757 ooririctus,
1351 2692 1429 2749 honis
1442 2700 1470 2747 et
1483 2694 1657 2761 dignitatibus
1671 2697 1795 2758 omnihus

1006 2774 1105 2818 exutus
1118 2771 1170 2828 est,
1181 2770 1341 2829 excecatus,
1356 2777 1443 2831 eoque
1457 2777 1509 2832 pau
1529 2765 1622 2819 artatis
1632 2764 1754 2835 adactus,
1766 2779 1796 2824 ut

1007 2835 1104 2900 stipem
1119 2833 1272 2887 mendicare
1284 2840 1393 2888 coactus
1408 2833 1496 2885 hierit.
1509 2779 1636 2894 generas.
1646 2832 1794 2903 Cedrenus,

1007 2903 1211 2969 Volaterranos,
1234 2909 1298 2966 etc,
1323 2901 1454 2956 Baroiiius
1468 2916 1539 2955 aimo
1552 2902 1614 2957 stit.
1635 2902 1699 2970 Quae
1716 2923 1795 2963 occa·

1007 2972 1083 3028 sione
1097 2973 1176 3026 trium
1191 2971 1379 3041 capitulorum.
1404 2972 1504 3041 scripta
1518 2969 1653 3027 Theodori
1667 2973 1792 3047 blopsuc·

1007 3044 1087 3106 steni,
1104 3041 1277 3112 Theodorcti,
1299 3049 1380 3111 atque
1402 3041 1543 3110 epistolam
1560 3041 1613 3098 ibae
1626 3059 1794 3102 concernen-

1009 3113 1087 3180 tium,
1099 3111 1179 3180 hujus
1193 3110 1359 3180 temporibus
1371 3110 1454 3176 dicta,
1464 3112 1575 3191 scripta,
1590 3120 1636 3167 aut
1649 3123 1723 3183 gesta
1739 3116 1790 3175 hie

1009 3183 1073 3244 rint,
1089 3197 1139 3251 per
1156 3181 1269 3242 litteras.
1294 3179 1407 3235 concilia
1430 3189 1457 3234 ct
1484 3180 1660 3244 edicta‚inli·a
1682 3188 1794 3255 patebit.

1010 3249 1098 3306 Prima
1116 3250 1265 3306 iustiiiiana
1285 3258 1373 3305 metro
1393 3250 1502 3306 alierum
1522 3252 1593 3306 sedis
1611 3254 1741 3323 dignitate
1763 3269 1795 3322 ae

1008 3320 1184 3442 prerogatiia
1198 3321 1359 3375 auctoritate
1370 3265 1457 3390 eigilii
1470 3330 1599 3377 edomata
1613 3324 1671 3378 luit.
1684 3324 1795 3385 Novella

1026 3390 1072 3459 iil,
1087 3406 1111 3444 e.
1128 3390 1146 3444 5
1174 3387 1317 3447 basilicam
1331 3405 1347 3443 a
1366 3406 1397 3446 se
1411 3398 1592 3446 constructam
1602 3395 1687 3450 sacris
1700 3398 1794 3468 imagi-

1009 3475 1073 3514 num
1111 3460 1204 3514 icteris
1222 3459 1370 3523 decoravit,
1393 3468 1422 3514 ut
1444 3459 1483 3515 ait
1502 3459 1651 3518 hadrianus
1670 3480 1739 3536 papa
1767 3468 1794 3523 in

1010 3475 1122 3598 spissia
1137 3529 1171 3582 ad
1190 3527 1316 3582 Carolum
1331 3528 1473 3596 llagnum3
1490 3534 1680 3589 monasterium
1692 3551 1707 3589 a
1719 3533 1794 3592 Chii·

1010 3599 1122 3653 deberto
1142 3596 1306 3653 Francorum
1330 3613 1394 3667 rege
1412 3607 1531 3653 erectum
1546 3601 1689 3669 prtittegtis
1704 3615 1733 3660 et
1745 3607 1795 3661 im·

172 3672 314 3726 ariatbeiua
329 3672 447 3727 intorsit.
466 3670 495 3727 ln
510 3669 585 3726 ltalia
600 3689 634 3726 mi
646 3670 670 3724 ln
685 3671 781 3726 ducum
794 3672 893 3725 virtute
903 3669 958 3724 iia·
1011 3668 1186 3735 nruoitatibus
1197 3666 1343 3733 decoravit,
1356 3676 1384 3722 ιιι
1397 3669 1489 3723 scribit
1496 3668 1524 3724 S.
1536 3668 1679 3737 Gregorius
1689 3673 1735 3728 lib.
1748 3692 1794 3747 rii,

172 3755 260 3796 renna
272 3741 366 3797 ciuitas
380 3741 480 3804 dedita,
499 3742 610 3812 ipseque
623 3740 725 3809 vitiges
738 3755 785 3794 ren
808 3738 956 3796 Gothorum
971 3749 994 3812 c
1009 3739 1090 3807 epist.
1102 3736 1163 3793 tls.
1180 3736 1291 3806 vigilius
1301 3738 1381 3793 ctiam
1393 3737 1548 3808 episcopum
1562 3738 1703 3812 Origencm
1717 3754 1795 3802 antea

172 3825 245 3865 anno
255 3810 352 3868 Christi
366 3810 418 3864 stu
432 3813 518 3866 victus
532 3810 607 3865 luita
623 3810 767 3870 Belisario;
782 3812 828 3879 qui
839 3809 910 3864 banc
923 3811 958 3865 ob
1010 3808 1109 3877 sepius
1121 3806 1287 3871 damnatum,
1310 3824 1360 3863 soo
1373 3809 1453 3863 etiarn
1473 3810 1619 3866 constituto
1634 3812 1796 3869 condemna.

172 3894 231 3934 rein
245 3880 280 3934 ab
291 3881 396 3936 eurulis
414 3880 539 3936 invidiam
555 3894 660 3949 passus,
683 3880 754 3935 etin
773 3883 904 3935 attentatae
919 3887 959 3950 ty·

171 3949 293 4005 ramiidis
314 3950 493 4020 suspicionem
518 3950 667 4013 adductus,
697 3948 959 4019 Constantinopolim

171 4028 326 4074 revocatur.
341 4020 393 4087 Qui
409 4035 470 4075 cum
485 4019 610 4085 venisset,
634 4018 756 4073 adductis
776 4033 868 4074 secum
888 4018 960 4073 deri·

171 4087 224 4142 ctis
238 4088 370 4156 hostibus,
391 4088 557 4160 triumphare
582 4104 636 4143 nou
659 4095 700 4142 est
713 4088 869 4158 permissus,
893 4103 958 4157 pro·

171 4165 266 4227 pterea
279 4158 394 4214 tortasse
406 4160 478 4239 quod
489 4157 576 4228 impia·
588 4155 714 4227 Augustae
727 4157 837 4213 nimium
852 4159 959 4213 obtem·

171 4240 281 4352 geraus.
303 4228 329 4283 in
345 4226 499 4298 poiitillcem
512 4228 593 4297 impia
606 4236 634 4283 et
646 4226 776 4298 sacrilega
789 4235 957 4283 attentasset.

197 4296 343 4353 heobaldus
357 4312 405 4352 reri
417 4294 566 4352 Gothorum
586 4297 656 4352 vires
666 4297 707 4352 dis
727 4313 800 4352 ersas
823 4307 958 4353 restaura·

170 4365 221 4432 rit,
236 4375 297 4436 post
312 4366 388 4435 cujus
399 4365 499 4422 caedem
515 4365 617 4422 Totila's
631 4311 777 4446 Theognldi
792 4382 887 4436 nepos,
910 4365 959 4420 lla·

170 4436 272 4504 gelltim
284 4435 437 4492 Greeorum
461 4436 488 4491 in
500 4434 645 4492 Occidente
667 4435 871 4501 dominantium,
895 4452 960 4492 ere·

170 4512 233 4560 ctus
246 4513 288 4561 est
301 4506 328 4562 in
339 4521 469 4577 regnum:
484 4506 530 4576 qui
545 4513 606 4576 post
614 4505 718 4576 aliquot
728 4505 855 4560 victorias
864 4514 958 4562 contra

170 4572 308 4632 Romanos
322 4587 415 4647 partas
432 4574 579 4647 Campania
602 4576 703 4646 potitus
726 4582 777 4640 est,
805 4575 849 4630 ubi
870 4575 958 4631 eidem

169 4646 279 4711 accidit,
290 4646 363 4716 qnod
373 4644 456 4702 relert
467 4643 497 4700 S.
507 4644 654 4716 Gregorius
663 4661 693 4700 ιιι
703 4641 883 4713 malagmam,
895 4660 956 4715 cap.

139 4745 145 4770 ;
170 4711 217 4782 ts,
236 4714 271 4770 de
285 4725 382 4772 sancto
406 4714 552 4771 Benedicta
572 4713 725 4771 Cassinensi
749 4713 890 4779 monacho.
912 4716 958 4786 qui

138 4801 144 4811 ·
168 4785 287 4840 venienti
301 4784 412 4855 Riggoii
424 4783 459 4838 ad
470 4785 664 4854 explorandum
678 4783 780 4839 domiui
790 4784 959 4855 prophetiam

169 4851 238 4909 dixit
251 4871 258 4907 ι
271 4852 354 4917 Pone,
370 4855 420 4925 fili,
435 4870 502 4926 pone
514 4854 562 4909 hoc
575 4854 643 4927 quod
652 4861 751 4925 portes,
766 4870 818 4909 nori
828 4861 867 4908 ert
878 4863 957 4910 ιιιιιιιι.

169 4918 223 5043 Ιῆιί
236 4938 302 4979 rero
317 4924 413 4982 totle
426 4924 460 4979 ad
475 4940 504 4980 se
518 4923 634 4980 venienti
649 4924 836 4994 praenuntiavit
849 4922 956 4980 dicens:

203 4992 255 5047 iiltir
267 4993 337 5048 melu
351 4994 428 5066 suns,
442 4994 524 5048 multa
540 4993 612 5048 melu
634 4994 730 5065 fecisti,
745 4991 803 5063 jum
817 4992 958 5063 aliquunde

170 5057 205 5112 iti
219 5060 350 5132 iniquitate
363 5066 532 5134 coinquirere:
547 5063 663 5134 equidem
673 5061 782 5117 Romam
794 5063 958 5135 inpresmrua

168 5134 482 5199 summouentium:
503 5148 594 5189 nomm
613 5134 690 5187 nonis
713 5147 836 5202 repuens,
857 5125 997 5187 decimoD

169 5200 299 5254 morieris.
320 5201 431 5268 Quando
445 5210 506 5273 post
520 5210 603 5258 totam
625 5200 682 5256 lere
694 5201 832 5258 subactam
850 5199 954 5256 ltaliam

169 5266 255 5324 Roma
267 5271 367 5341 potitus
375 5270 465 5337 tuerit,
478 5271 546 5327 inira
555 5271 684 5327 dicemus.
696 5269 780 5339 liuius
790 5271 955 5339 temporibus

168 5346 286 5460 quatuor
300 5339 421 5409 pluresre
439 5341 579 5398 Persarum
593 5340 755 5411 irruptiones
776 5339 802 5394 in
818 5338 955 5397 Romanos

179 5415 247 5463 actae
259 5417 323 5465 sunt
336 5423 352 5463 ιι
363 5409 483 5467 Gosrboe
496 5410 638 5468 Persarum
651 5423 725 5479 rege,
746 5424 814 5479 quas
828 5411 955 5466 describi

168 5474 317 5549 Procopius
327 5478 362 5535 rie
375 5478 449 5536 Bello
463 5480 583 5538 Persico.

203 5547 282 5604 Anno
296 5546 468 5620 pontitlcatus
482 5551 569 5622 vigilii
589 5549 714 5621 septimo,
733 5547 779 5618 qui
794 5555 835 5603 est
854 5547 953 5605 Christi

168 5614 232 5684 ste,
253 5617 348 5675 Petrus
369 5619 616 5694 hierosolymorum
635 5619 777 5691 episeopus
789 5620 844 5675 rita
858 5619 954 5677 delun·

1010 3878 1059 3932 vit.
1067 3875 1246 3933 Cassiodorus
1258 3875 1344 3933 instit.
1359 3878 1509 3932 divinarum
1518 3879 1697 3947 teutdericoet.
1707 3899 1726 3953 t,
1734 3899 1759 3940 c.
1767 3885 1794 3943 5.

1045 3945 1085 4001 Er
1100 3948 1168 4002 actis
1181 3946 1261 4016 hujus
1275 3947 1411 4017 pontilicis
1433 3948 1575 4017 singularis
1595 3950 1641 4005 [lei
1663 3966 1726 4022 eiga
1740 3953 1794 4012 lio·

1010 4031 1117 4071 mairam
1144 4016 1292 4073 Ecclesiam
1319 4017 1502 4088 procidentia,
1535 4028 1616 4089 atque
1638 4021 1796 4082 admiranda

1010 4086 1166 4156 apostolieae
1192 4087 1265 4143 sedis
1300 4089 1448 4142 auctoritas
1478 4089 1604 4144 omnibus
1640 4090 1794 4152 innotescit.

1010 4155 1168 4226 Quanquam
1181 4157 1361 4228 imperatricis
1373 4157 1540 4227 aliorumque
1549 4158 1684 4218 desiderio
1701 4178 1795 4234 spera·

1010 4233 1067 4280 tum
1078 4226 1168 4293 luerit,
1182 4227 1332 4283 riaricnlanr
1346 4224 1419 4282 Petri
1438 4243 1471 4282 eo
1483 4229 1641 4295 ducendam,
1665 4246 1720 4301 quo
1744 4235 1751 4289 i
1772 4236 1796 4291 si

1009 4310 1060 4350 suo
1074 4294 1172 4351 allecto
1186 4304 1390 4353 commonerent
1405 4297 1531 4378 vigilium
1546 4314 1595 4353 suo
1608 4300 1696 4356 studio
1710 4318 1743 4361 ac
1753 4249 1771 4358 Ι
1782 4335 1795 4346 ·

1009 4380 1077 4420 rore
1091 4364 1118 4420 iii
1132 4366 1224 4421 sedem
1238 4368 1413 4438 apostolicam
1425 4366 1557 4422 violenter
1569 4378 1598 4423 et
1609 4370 1738 4440 sacrilege
1750 4374 1794 4429 in·

1010 4443 1123 4498 trusum,
1135 4444 1225 4491 tamen
1236 4437 1356 4492 residens
1376 4436 1402 4491 in
1415 4451 1447 4492 ea
1460 4435 1581 4493 Christus
1595 4433 1647 4495 iiiic
1667 4455 1749 4511 atque
1767 4445 1797 4499 il·

1010 4504 1054 4559 luc
1079 4505 1231 4560 universam
1255 4506 1344 4561 navim
1362 4521 1412 4576 pio
1434 4506 1544 4562 arbitrio
1567 4509 1657 4576 vertit,
1683 4518 1711 4566 et
1734 4514 1797 4570 licet

1009 4573 1106 4629 lluctus
1117 4575 1245 4630 contrarii
1255 4591 1315 4631 eam
1326 4576 1450 4638 urserint,
1463 4573 1610 4646 inritesque
1621 4581 1694 4635 renti
1709 4581 1736 4635 in
1747 4585 1796 4637 ad-

1009 4658 1115 4698 versam
1129 4652 1232 4714 partem
1245 4646 1408 4715 quandoque
1421 4645 1590 4715 impulerint,
1605 4664 1740 4718 nunquam
1755 4661 1794 4708 ta·

1009 4728 1072 4766 men
1083 4713 1139 4794 ipsa
1154 4715 1276 4770 navicula
1290 4724 1347 4771 toto
1363 4723 1484 4785 tempore
1498 4716 1608 4783 legitimi
1625 4722 1796 4789 potititlcatus

1010 4781 1097 4864 lligilii
1122 4783 1149 4837 in
1171 4785 1297 4909 scoXules
1314 4786 1434 4855 impegit,
1458 4784 1501 4841 rei
1526 4787 1552 4842 in
1574 4796 1661 4859 syrtes
1674 4789 1784 4848 oliendit

1010 4855 1161 4923 ictibusque
1175 4870 1211 4908 iin
1233 4869 1309 4909 arum
1323 4854 1503 4911 crebrioribus
1523 4857 1652 4913 dissoluta
1667 4858 1726 4926 luit,

1009 4922 1099 4992 potius
1122 4923 1204 4978 illaesa
1228 4925 1384 4994 permansit,
1409 4940 1571 4998 omnemque
1594 4928 1667 4983 ittam
1686 4943 1794 4998 aquam,

1009 5008 1091 5060 quam
1104 5007 1153 5063 per
1172 4993 1225 5048 lata
1237 4992 1369 5050 loraznina
1389 4992 1544 5051 induentem
1558 4999 1674 5078 excepit,
1690 4999 1795 5067 integre

1011 5061 1045 5115 ad
1059 5077 1190 5118 summam
1213 5063 1362 5120 siceitatem
1386 5064 1504 5121 vicissim
1525 5076 1653 5122 excussit.
1681 5065 1797 5125 Videant

1727 5152 1795 5210 ergo

1043 5269 1216 5329 bSeruecim
1230 5273 1308 5331 aunis
1326 5273 1443 5333 sedema
1464 5273 1605 5330 ostolicam
1620 5277 1739 5335 tenuisse
1749 5276 1796 5335 Vi·

1006 5342 1099 5413 gilium
1111 5343 1204 5398 scribit
1213 5342 1311 5399 Baron.
1325 5360 1389 5401 aiiii.
1403 5291 1465 5400 553.
1476 5344 1539 5399 Ser.
1556 5343 1656 5402 Burrus.

1045 5423 1057 5453 ι
1072 5411 1270 5481 tttitgennutte
1279 5414 1369 5485 praetio
1380 5415 1480 5479 habito,
1492 5413 1564 5468 nulla
1574 5413 1672 5472 ducum
1682 5416 1794 5484 virtute,

1007 5498 1061 5538 una
1072 5498 1133 5538 cuin
1146 5482 1273 5539 Ravenna
1284 5484 1401 5547 civitate,
1417 5498 1489 5539 aiino
1499 5483 1593 5552 quinto
1604 5486 1665 5542 belli
1675 5485 1794 5552 Comici,

1007 5553 1054 5676 gui
1068 5560 1110 5609 est
1123 5550 1222 5608 Christi
1242 5551 1303 5616 stu,
1328 5553 1448 5608 deditum
1468 5568 1529 5610 esse
1550 5552 1680 5612 Belisario
1702 5558 1796 5614 scribit

1030 5622 1165 5693 rocopius.
1180 5620 1355 5680 sistimus.

206 5731 213 5749 ·
227 5728 309 5785 Notas
322 5731 348 5784 in
362 5728 499 5785 blansiann
511 5730 629 5786 editione
640 5728 781 5812 eregiiino
795 5735 883 5783 textos
897 5728 998 5800 positas
1011 5731 1068 5788 sire
1081 5730 1106 5786 in
1127 5738 1201 5786 textu
1214 5731 1285 5788 inter
1295 5731 1408 5791 uncinos
1428 5733 1487 5793 sire
1507 5733 1576 5790 inira
1594 5734 1733 5791 columnas
1746 5735 1792 5792 cit.

168 5800 216 5856 iris
230 5800 414 5871 superioribus
428 5801 570 5871 praemissis
583 5800 783 5872 exscripsimus.
799 5797 875 5853 Epir.

158 5907 192 6042 δ’
302 5893 442 5953 Parnon.
467 5890 582 5953 cxix.

38 6077 40 6126 i
59 5998 159 6127 A)

1578 5897 1591 5957 Ι
