4059 6184
234 206 288 268 ως
379 152 395 168 ”
848 194 884 249 ιι.
904 191 1045 251 runem
1063 190 1264 257 csssrononr
1516 145 1518 149 ⁷
1811 199 1885 256 rooo

235 338 294 389 eem
307 320 353 393 qui
365 334 459 378 corum
470 331 560 374 coram
571 313 694 369 baberet.
702 310 766 368 Post
779 311 1065 380 magnum'namqucrt
1081 315 1148 375 tam,
1162 323 1243 378 quam
1267 308 1303 363 ibi
1326 308 1445 380 quidem,
1465 309 1544 365 sicuti
1568 309 1690 381 predixi,
1712 309 1886 385 mucrone,

238 413 371 470 Liberium
394 410 504 481 qrridam
529 407 705 461 diaconorum
727 402 786 472 eius
799 441 807 468 ,
820 399 895 456 Felix
908 399 1029 466 nomine,
1082 401 1204 458 Arimino
1225 409 1315 457 autem
1328 408 1434 458 ostensa
1453 412 1504 458 est.
1516 401 1598 473 Cujus
1609 402 1748 474 exemplar
1757 403 1810 460 boc
1819 412 1884 463 esta

237 507 325 562 iuerat
338 502 488 558 ordinatus.
503 498 528 553 ls
542 498 693 568 expositam
708 496 735 550 in
745 494 833 550 Nicaea
847 491 927 548 lldem
938 492 1031 547 incon·

237 610 313 652 cusse
327 591 461 656 serravit,
476 588 524 645 sed
542 585 747 657 corruptoribus
770 583 829 653 eius
847 583 906 638 sine
929 581 1032 636 discre-
1297 648 1305 660 .
1484 649 1491 661 ·

237 685 312 740 tione
331 677 557 736 communicabat.
583 676 677 732 Nullus
692 684 781 730 tamen
795 672 888 728 Romae
908 672 1033 727 habitan·
1084 646 1220 703 prmum
1233 646 1339 704 ΜΝ
1353 645 1526 703 &mmmm
1539 648 1624 720 lep,
1643 664 1711 704 ⁶⁰⁸⁸·
1726 647 1842 705 [Mitt
1860 658 1885 706 ei

237 776 303 830 tium
314 773 340 827 iu
353 771 491 825 basilicam
505 769 640 837 ingressus
650 774 769 830 est,cum
782 765 826 819 itte
839 765 911 820 intus
921 770 1031 817 astaret.
1121 738 1245 811 flbt‘fflb
1261 756 1289 795 ¹¹
1303 740 1353 794 ⁶¹²¹·
1366 738 1441 795 'ilfi
1456 741 1518 812 (¹⁴¹¹-
1534 738 1612 795 Μ’·
1627 738 1702 809 559)-

237 861 295 917 linc
309 869 399 915 autem
414 860 496 913 etiam
510 863 641 912 matronae
655 857 706 911 illm
721 854 877 924 imperatori
887 853 1032 908 dixerunt:
1120 852 1260 909 Credimus
1273 854 1299 908 in
1315 870 1398 909 unum
1410 863 1541 909 etverum
1557 855 1652 919 ileum,
1669 853 1775 913 Patrem
1790 857 1883 913 omni-

1262 551 1392 592 ueoslrt
1410 550 1485 591 flues
1499 550 1568 591 APUD
1581 550 1702 597 Slifflliffl,

238 957 294 1022 Qua
308 950 503 1023 gratiallexus,
518 951 646 1021 praecepit
660 948 733 1004 illum
757 948 827 1001 inter
841 960 936 1001 omnes
956 958 1033 1013 egre·
1085 952 1238 1016 potentem,
1265 952 1416 1000 creatorem
1440 955 1467 1000 et
1491 944 1614 1015 opificem
1642 947 1772 1002 omniurn.
1796 948 1831 1003 Et
1855 951 1883 1006 iu

237 1048 310 1114 gium
334 1043 470 1110 revocari,
493 1049 520 1097 ct
544 1048 688 1109 utrumque
710 1037 859 1094 Ecclesiam
885 1035 1035 1105 gubernare
1085 1051 1167 1091 unum
1184 1035 1350 1105 unigenitum
1372 1021 1469 1091 Filium
1490 1037 1537 1092 liei
1554 1038 1839 1107 anteornniasaecula,
1855 1048 1884 1095 et

238 1136 425 1194 communiter.
449 1131 497 1187 llis
512 1130 684 1201 ergolitteris
703 1130 730 1184 in
744 1128 857 1185 circensi
879 1124 1035 1199 spectaculo
1085 1135 1147 1182 ante
1171 1142 1251 1183 omne
1274 1127 1447 1197 principium,
1469 1135 1497 1183 et
1516 1136 1579 1183 ante
1599 1142 1680 1184 omne
1697 1129 1769 1197 quod
1792 1137 1883 1199 potest

239 1225 358 1292 relectis,
368 1222 482 1293 populus
497 1219 631 1276 clamabat
640 1219 741 1290 justam
756 1217 884 1288 principis
898 1230 958 1272 esse
971 1230 1036 1271 sen·
1085 1219 1190 1290 opinari
1209 1228 1325 1288 tempus,
1349 1228 1378 1273 et
1398 1228 1462 1273 ante
1484 1233 1593 1274 omnem
1612 1220 1815 1290 perceptibilem
1827 1221 1884 1290 opi-

239 1317 360 1382 tentiam,
377 1313 485 1367 utsicut
499 1309 641 1380 dupliciter
655 1309 791 1365 coloribus
804 1307 882 1362 diuisi
899 1314 1035 1376 suntspe·
1085 1312 1205 1377 pionem,
1227 1318 1320 1366 natum
1340 1310 1541 1381 impassibiliter
1558 1326 1593 1367 ex
1611 1310 1677 1377 beo,
1698 1326 1747 1381 per
1759 1326 1841 1382 quem
1856 1321 1884 1368 et

238 1415 370 1472 ctatores,
387 1407 425 1461 sic
448 1410 587 1475 oporteret
615 1403 729 1458 alterum
752 1402 810 1467 bis,
835 1401 950 1456 alterum
975 1400 1035 1456 aliis
1085 1401 1182 1457 saccula
1199 1401 1316 1471 perlecta
1336 1410 1365 1457 et
1383 1401 1474 1457 omnia
1496 1400 1657 1457 factasunt.
1679 1401 1775 1457 Natum
1791 1411 1882 1458 autem

238 1497 392 1570 presidere.
403 1496 470 1550 Cum
485 1507 550 1563 ergo
564 1493 687 1565 primitus
699 1492 826 1562 principis
837 1491 934 1547 litteris
944 1492 983 1547 sic
996 1489 1036 1546 la·
1090 1492 1262 1563 Unigenitum
1277 1493 1364 1550 solum
1379 1508 1413 1548 ex
1433 1492 1493 1551 solo
1507 1491 1598 1562 Patre,
1616 1493 1701 1548 Deum
1715 1501 1749 1548 cir
1764 1493 1831 1562 Deo,
1844 1495 1882 1549 si-

238 1588 449 1657 vissent,postca
459 1585 598 1651 commoti,
608 1584 745 1641 communi
756 1598 822 1639 voce
833 1582 1033 1639 clamaverunt:
1086 1582 1178 1638 milem
1197 1583 1337 1651 generanti
1361 1581 1434 1638 Patri
1454 1584 1601 1640 secundum
1615 1581 1767 1653 Scripturas
1783 1602 1790 1637 ι
1805 1584 1883 1653 cnjus

239 1678 313 1735 Unus
336 1678 416 1742 Deus,
444 1691 512 1731 unus
535 1674 675 1742 cbristus,
691 1690 761 1731 unus
785 1675 939 1745 episcopus.
961 1672 1036 1743 ipsas
1054 1674 1290 1745 ggeneratiouem
1314 1674 1404 1729 nullus
1426 1675 1510 1741 nouit,
1535 1674 1587 1730 nisi
1611 1674 1694 1741 solus,
1721 1675 1765 1745 qui
1789 1677 1883 1743 genuit

238 1771 310 1827 euim
325 1782 406 1824 voces
420 1776 448 1823 et
461 1781 511 1837 ego
526 1766 736 1837 pouercjustum
750 1766 879 1836 judicavi.
904 1752 970 1821 Post
983 1765 1033 1820 bns
1084 1780 1156 1831 eum,
1175 1763 1264 1821 Pater.
1284 1764 1362 1822 liunc
1385 1767 1510 1823 norimus
1524 1767 1691 1837 unigenitum
1708 1765 1767 1836 ejus
1783 1764 1882 1821 Filium

239 1875 303 1917 rero
313 1859 421 1915 cbristo
435 1858 557 1914 amabilis
571 1858 662 1928 populi
677 1858 735 1927 pias
749 1864 777 1911 et
796 1856 899 1926 iustitia
914 1870 1032 1911 erema·
1084 1863 1149 1910 nutu
1162 1863 1276 1926 paterno
1291 1856 1397 1913 venisse
1411 1854 1445 1912 de
1457 1856 1534 1913 coelis
1547 1856 1581 1910 ad
1595 1855 1805 1914 destructionem
1816 1872 1884 1929 pec·

239 1960 279 2005 tas
291 1966 383 2015 voces,
394 1948 584 2006 sanctissimus
592 1948 700 2017 quidem
711 1947 834 2002 Liberius
844 1954 886 2004 est
894 1960 1031 2002 reuersus.
1083 1948 1146 2015 cati,
1160 1958 1187 2003 et
1201 1956 1292 2004 natum
1308 1950 1386 2020 267
1399 1963 1432 2005 ex
1448 1948 1531 2004 blaria
1547 1948 1664 2019 Virgine,
1681 1959 1783 2007 etcum
1799 1949 1882 2006 disci·

237 2041 408 2097 Felixautem
420 2039 687 2096 recedensbabitavit
697 2038 776 2092 aliam
788 2034 1032 2093 ciuitatemlrreo·
1083 2037 1153 2108 pulis
1166 2047 1364 2102 conversatum,
1379 2047 1526 2095 etomncm
1539 2040 1691 2109 complesse
1700 2039 1878 2108 dispensatio·

237 2147 367 2198 renerus,
382 2129 429 2186 tet.
442 2146 470 2197 rr,
485 2146 544 2199 cap.
561 2128 605 2195 ll,
621 2128 693 2192 Edit.
710 2128 806 2184 Christ.
1085 2142 1145 2182 nem
1159 2128 1307 2184 secundum
1321 2136 1460 2198 paternam
1480 2129 1661 2194 voluntatem
1675 2126 1832 2183 crucifixum
1852 2137 1881 2184 et

1083 2225 1230 2285 mortuum,
1243 2225 1271 2272 ct
1284 2219 1318 2271 ad
1329 2215 1432 2273 irricros
1444 2215 1627 2285 descendisse,
1641 2225 1741 2286 etque
1754 2217 1790 2271 ibi
1803 2227 1880 2273 crant

492 2371 498 2385 ι
534 2258 649 2384 mm
667 2257 737 2313 Μ’
883 2368 908 2383 ,.
967 2368 973 2381 ‚
1083 2305 1273 2377 dispensasse:
1288 2304 1882 2378 quemianitorestnlenrividentesexpave:

239 2370 373 2437 ⁰¹¹⁰m⁰⁴¹⁰
394 2370 530 2426 Eu‘w‘
555 2371 743 2453 Al⁸¹¹⁰⁶h⁶num
758 2375 1032 2440 “⁸¹⁴'Pw‘m‘i’m0‘
1083 2407 1163 2465 runt;
1178 2406 1206 2453 et
1224 2397 1267 2454 die
1289 2398 1367 2454 tertia
1391 2397 1580 2465 resurrexisse,
1605 2406 1634 2454 et
1656 2413 1717 2455 cum
1743 2399 1879 2470 discipulis

587 2449 686 2511 'mum'
1040 2494 1042 2505 '
1083 2497 1286 2556 conversatum
1302 2496 1330 2545 et
1338 2489 1515 2559 quadraginta
1530 2488 1624 2546 diebus
1636 2488 1760 2561 expletis,
1780 2490 1807 2544 in
1822 2505 1878 2547 cce-

1083 2579 1125 2636 los
1138 2579 1300 2645 ascendisse,
1316 2588 1344 2635 et
1356 2580 1451 2637 sedere
1466 2596 1482 2634 a
1497 2579 1599 2636 dextris
1618 2578 1721 2644 Patris;
1737 2588 1765 2635 et
1780 2587 1879 2636 reulu-

1083 2686 1142 2727 rum
1161 2672 1306 2728 novissima
1320 2671 1364 2727 die
1384 2673 1412 2727 in
1431 2670 1516 2740 gloria
1532 2669 1630 2739 Patris,
1653 2670 1688 2725 ad
1713 2671 1876 2729 reddendum

1083 2762 1227 2834 uuicuique
1248 2762 1395 2818 secundum
1411 2776 1493 2833 opera
1507 2775 1565 2817 sua.
1582 2759 1615 2815 Et
1627 2761 1653 2816 in
1668 2759 1798 2830 Spiritum
1817 2776 1879 2816 sar.-

1083 2861 1167 2918 ctum,
1178 2867 1259 2922 quem
1274 2854 1332 2925 ipse
1346 2854 1498 2922 unigenitus
1510 2852 1558 2910 bei
1573 2852 1655 2908 Filius
1667 2852 1745 2908 iesus
1756 2852 1878 2909 cbristus

1083 2943 1192 2999 mittere
1206 2944 1392 3015 compromisit
1402 2945 1493 3016 generi
1509 2944 1647 3000 bominum
1669 2943 1876 3006 consolatorem,

1044 3035 1230 3130 csecrmdum
1255 3034 1327 3105 quod
1357 3036 1485 3105 scriptum
1519 3042 1588 3090 estt
1616 3033 1691 3087 Vnde
1710 3032 1746 3087 ud
1773 3031 1877 3088 Patrem

1083 3135 1215 3193 meamet
1234 3127 1330 3198 rogabo
1351 3126 1458 3181 Putrem
1474 3143 1569 3196 meum,
1591 3135 1617 3180 ct
1637 3127 1718 3180 ulium
1733 3132 1879 3183 cornutam·

1081 3236 1135 3273 rem
1148 3219 1230 3273 mittet
1242 3219 1323 3287 tobia,
1335 3217 1462 3290 Spiritum
1477 3220 1610 3286 centena
1625 3219 1670 3274 iiie
1682 3236 1715 3274 ea
1731 3236 1787 3275 meo
1807 3220 1864 3274 acci

1081 3311 1144 3381 piet,
1160 3317 1185 3365 et
1199 3311 1310 3374 docebit,
1324 3318 1349 3365 et
1360 3309 1568 3367 commemorabit
1586 3311 1655 3366 uobis
1674 3311 1761 3367 omnio
1780 3310 1875 3381 (donat.

1082 3413 1137 3467 ιιι,
1154 3399 1209 3467 llil.
1221 3399 1325 3455 Nomen
1339 3415 1404 3457 vero
1419 3401 1587 3469 substantie,
1600 3416 1635 3456 eo
1654 3400 1726 3473 quod
1749 3400 1878 3472 simplici·

1082 3497 1124 3545 ter
1138 3505 1154 3545 a
1170 3488 1291 3547 Patribus
1303 3491 1432 3562 positum,
1446 3507 1462 3546 a
1475 3491 1582 3562 populis
1596 3490 1744 3561 ignoretur,
1760 3498 1788 3545 et
1797 3505 1877 3546 scau·

1081 3579 1170 3637 datum
1189 3578 1279 3648 iaciat,
1293 3589 1321 3637 et
1333 3581 1397 3653 quia
1416 3595 1467 3637 uec
1490 3579 1636 3650 Scriptum}
1654 3581 1707 3637 boc
1725 3579 1875 3645 continent,

1083 3670 1186 3741 placuit
1197 3671 1332 3742 abrogari,
1348 3682 1377 3729 et
1389 3672 1500 3731 omnino
1513 3672 1614 3729 nullam
1633 3672 1792 3729 memoriam
1811 3672 1876 3728 sub·

1081 3761 1187 3821 stantiae
1201 3762 1227 3817 iu
1242 3761 1299 3818 ileo
1313 3776 1373 3818 esse
1385 3762 1420 3818 dc
1433 3770 1549 3831 caetero3
1565 3777 1599 3819 eo
1609 3761 1681 3832 quud
1695 3761 1791 3819 dirime
1805 3760 1877 3819 Scri·

1082 3856 1167 3921 ptum·
1180 3866 1314 3922 nusquam
1326 3851 1360 3907 de
1370 3850 1458 3908 Patris
1475 3851 1625 3909 substantia
1648 3851 1763 3923 Filiiqrre
1782 3852 1877 3909 mouri·

1081 3940 1180 3996 norint.
1197 3941 1318 3998 Similem
1328 3956 1393 3998 vern
1412 3941 1526 3999 dicim
1540 3940 1637 3998 Filium
1651 3939 1725 3997 Patri
1747 3953 1798 4013 pcr
1815 3958 1876 3999 om·

1082 4030 1136 4095 nia,
1151 4029 1230 4086 sicuti
1245 4026 1345 4087 sauctae
1362 4030 1509 4102 Scriptura
1526 4030 1620 4087 dicunt
1640 4045 1674 4088 ac
1695 4031 1804 4089 docent.
1829 4031 1876 4089 llis

539 4103 654 4161 CAPUT
674 4105 731 4161 xx·
1082 4120 1173 4189 itaque
1188 4120 1274 4187 lectis,
1288 4128 1482 4192 consurgentes
1498 4122 1596 4195 quibus
1609 4122 1667 4177 baec
1688 4121 1876 4193 displicebant,

260 4191 309 4259 >De
320 4193 478 4248 Ariminensi
489 4195 599 4249 concilio
613 4204 638 4250 et
651 4197 857 4255 coemptionibus
868 4199 904 4254 tit
915 4201 1003 4272 [actis.
1082 4212 1157 4267 aium
1168 4228 1175 4265 :
1186 4211 1245 4270 Non
1255 4212 1308 4270 fige
1318 4221 1429 4283 egentes
1442 4213 1496 4270 hue
1508 4214 1630 4271 venimus
1641 4215 1785 4287 (integram
1798 4232 1876 4273 nam.

274 4281 374 4339 Eorum
388 4283 469 4353 igitur
481 4284 527 4354 qui
541 4284 662 4341 Arimino
674 4302 868 4360 convenerunt,
881 4290 1033 4349 orientales
1082 4317 1135 4373 que
1148 4317 1296 4373 servamus,
1307 4319 1388 4375 qnam
1398 4307 1568 4377 percepimus
1576 4284 1612 4365 gg
1622 4306 1721 4380 juggo),
1732 4308 1783 4365 ,gg
1790 4310 1877 4380 mg.

239 4388 272 4429 ea
285 4387 344 4442 qum
358 4373 393 4428 de
403 4371 550 4430 athanasio
563 4384 637 4444 gesta
651 4387 723 4445 sunt,
737 4380 914 4437 tacitumitati
923 4383 1032 4440 traden-
1044 4422 1072 4483 D
1084 4391 1150 4461 utsi
1163 4406 1217 4462 qua
1228 4393 1300 4449 eirca
1315 4394 1371 4451 baec
1385 4395 1490 4451 novitas
1499 4397 1546 4465 sit,
1557 4397 1875 4468 omuinoprobibeeruus.

239 4473 291 4532 tes,
315 4463 348 4518 ad
372 4465 516 4520 concilium
538 4480 568 4521 se
587 4467 736 4523 occurrisse
758 4468 893 4526 dicebant.
909 4470 1030 4539 Quorum
1083 4478 1112 4535 Si
1124 4494 1189 4551 ergo
1202 4479 1261 4536 baec
1274 4497 1334 4554 quae
1360 4481 1430 4539 lecta
1448 4492 1512 4541 sunt
1529 4484 1635 4555 nullam
1652 4482 1756 4541 iaciunt
1775 4487 1877 4542 novita-

239 4554 327 4609 studio
347 4554 518 4611 cohaerebant
533 4553 658 4613 Ursacius
676 4566 704 4614 ct
723 4558 831 4628 Valens,
846 4563 893 4632 qui
906 4563 940 4619 ab
953 4564 1031 4622 initio
1081 4577 1146 4637 teni,
1170 4580 1263 4642 aperte
1280 4573 1337 4644 jam
1351 4574 1575 4631 anathematizate
1595 4575 1719 4632 barcsim
1737 4575 1875 4642 annuam.

239 4643 348 4712 quidem
371 4643 533 4700 brianonum
546 4645 644 4715 dogma
665 4655 821 4717 tenuerant;
836 4652 863 4707 in
881 4653 970 4710 medio
983 4669 1032 4710 au·
1081 4663 1191 4720 gignier
1205 4664 1272 4721 altas
1285 4667 1403 4723 nme,
1417 4667 1642 4736 regglagcclggjae
1658 4678 1785 4742 „nquam
1804 4671 1876 4726 gru.

240 4744 293 4788 tem
307 4732 705 4805 liemousianiscunsenscrant,
720 4740 784 4797 dato
804 4741 894 4799 libello
908 4743 1032 4803 Romano
1082 4756 1194 4827 phoenus
1208 4755 1316 4826 abjecit.
1328 4757 1396 4826 Quia
1409 4759 1480 4815 enim
1495 4759 1680 4831 blasphemum
1698 4760 1755 4815 Arii
1779 4760 1876 4830 dogma

240 4825 369 4898 pontifici,
383 4826 462 4882 sicuti
479 4827 535 4897 jam
556 4826 658 4884 dictum
672 4840 722 4886 est.
738 4832 783 4888 lsti
796 4848 913 4904 namque
924 4852 1033 4908 semper
1083 4847 1176 4906 turbas
1192 4847 1330 4914 Ecclesiae,
1356 4865 1415 4920 tguoe
1437 4851 1520 4909 etiam
1541 4866 1614 4909 nuuc
1637 4850 1713 4918 liunt,
1737 4853 1875 4920 excitavit,

240 4917 273 4973 ²¹¹
286 4926 375 4989 idries
389 4932 439 4990 1³¹⁰
453 4926 575 4989 ¹⁰fflli⁰f⁰
591 4920 738 4978 ”limium
755 4924 934 4983 declinabant.
955 4928 1030 4996 0¹1⁰·
1080 4946 1162 5009 atque
1175 4936 1331 5006 seditiones,
1351 4947 1409 4997 toto
1428 4941 1487 4999 orbi
1510 4948 1643 5001 terrarum
1665 4941 1744 4998 raldo
1768 4941 1876 4997 notissi-

240 5023 299 5063 mm
323 5007 459 5077 adjutores
480 5016 557 5065 crant
575 5007 736 5077 Germinius,
752 5013 911 5085 turentius,
931 5015 1029 5076 Dento-
1081 5045 1154 5086 ,rrum
1173 5039 1226 5087 est.
1248 5029 1386 5101 limeergo
1400 5032 1558 5105 propositio,
1573 5033 1636 5093 dum
1659 5031 1828 5100 monneto,
1848 5041 1876 5089 et

240 5099 328 5169 philus
345 5107 374 5154 et
395 5098 485 5157 Gaios.
508 5100 576 5156 Dum
594 5117 659 5172 ergo
681 5104 707 5159 in
730 5106 845 5164 concilio
859 5112 1029 5178 praesentium
1083 5119 1204 5185 Valente,
1215 5128 1244 5177 et
1264 5121 1375 5191 reliquis
1392 5130 1518 5194 suscepta
1531 5138 1586 5183 uon
1600 5121 1693 5185 luisset
1706 5122 1740 5179 ad
1755 5123 1874 5193 plmurm

241 5190 309 5245 allel·
329 5189 401 5245 aliud
422 5206 575 5262 proponere
596 5204 749 5264 condielur,
770 5205 834 5255 lllllc
855 5198 980 5258 Ursacius
1002 5211 1032 5258 el
1082 5211 1172 5268 divisit
1185 5211 1344 5271 Ecclggigm,
1356 5214 1409 5269 Alii
1420 5229 1537 5285 namque
1551 5215 1593 5273 hig
1606 5229 1667 5285 (μω
1678 5213 1802 5271 Arimino
1814 5221 1876 5271 sung

240 5280 340 5337 Valens
351 5280 477 5337 dicebant
489 5285 580 5340 omnia
594 5300 654 5355 guae
666 5286 701 5342 de
715 5286 766 5343 lide
777 5287 849 5344 dicta
859 5300 922 5347 sunt
932 5290 1032 5351 debere
1082 5300 1152 5356 lecta
1166 5312 1369 5368 consenserunt,
1385 5303 1508 5360 aliiuero
1524 5303 1658 5369 Nicaeaatu
1679 5303 1771 5361 denuo
1795 5304 1876 5361 robu-

239 5373 376 5445 suspendi‚
401 5383 429 5429 et
451 5377 647 5448 suscipiendam
670 5381 803 5436 novellam
822 5387 1030 5456 expositionem,
1083 5401 1210 5448 raserunt
1242 5391 1331 5450 idem.
1359 5393 1515 5451 beriserunt
1533 5403 1623 5453 summ
1648 5395 1875 5466 conscriptionem

238 5481 319 5538 quam
332 5466 413 5537 paulo
426 5474 489 5523 ante
503 5466 797 5529 Sirmioconvenientes
809 5475 958 5535 ediderant.
968 5478 1032 5535 llaec
1084 5483 1154 5538 itlius
1166 5483 1299 5550 iectionis,
1319 5492 1347 5541 et
1367 5476 1484 5541 maxime
1504 5486 1667 5542 Athanasius
1689 5484 1876 5543 Alexandriam

240 5556 369 5621 diceutes,
392 5563 420 5611 ct
441 5557 589 5613 chartulam
611 5574 665 5629 prae
689 5563 812 5619 manibus
833 5565 963 5624 babentes
978 5569 1030 5640 legi
1083 5575 1198 5633 civitatis
1212 5576 1356 5647 episcopus
1370 5577 1397 5631 in
1411 5576 1616 5649 epistolaquam
1628 5578 1684 5635 suis
1699 5577 1875 5635 familiaribus

242 5643 361 5700 iecerunt
374 5646 519 5703 secundum
540 5651 736 5719 expositionem
750 5653 811 5711 lldei
825 5654 923 5714 Sirmio
941 5659 1031 5731 prola·
1082 5662 1227 5723 destinarit
1247 5682 1255 5721 ε
1276 5680 1357 5736 quatu
1383 5669 1430 5739 qui
1451 5668 1530 5739 legit,
1558 5667 1676 5727 interiet
1696 5681 1779 5738 quarn
1813 5665 1876 5724 lorti

274 2548 310 2602 lia
322 2559 482 2619 tempestate
507 2548 622 2605 Leontio
641 2550 786 2613 moriente,
802 2550 847 2619 qui
874 2549 1031 2607 baereticum

238 2637 343 2694 Aetium
356 2636 496 2693 diaconum
507 2638 688 2701 ordinaverat,
701 2637 839 2694 Eudoxios
852 2635 1031 2695 Germanicia

236 2728 390 2798 episcopus,
410 2742 470 2797 quae
490 2736 531 2784 cst
554 2729 650 2783 civitas
672 2727 776 2799 Syrias
791 2743 852 2784 curn
875 2738 945 2784 esset
967 2736 1032 2785 tuuc

237 2818 480 2890 beneptacens,
504 2817 581 2874 linxit
601 2819 652 2875 sibi
676 2834 784 2875 causam
808 2819 975 2875 necessitatis
989 2820 1031 2878 iu·

237 2909 373 2976 cunberc,
388 2919 417 2964 et
430 2910 584 2980 imperatori
603 2909 699 2965 callide
717 2910 832 2976 locutus,
846 2910 922 2981 quasi
936 2911 1031 2969 civitas

236 2995 504 3053 Germanicianorum
528 2997 586 3068 ejus
610 2998 777 3070 prouidentia
801 3007 883 3069 atque
907 3001 1029 3057 custodia

237 3089 379 3157 indigeret,
394 3091 471 3161 petiit
484 3098 514 3145 ut
527 3096 661 3146 remearet
671 3091 705 3146 ad
719 3091 838 3163 propria.
856 3090 940 3158 Quem
954 3093 1030 3164 prin-

237 3196 302 3251 ceps
321 3182 387 3237 nibil
407 3183 582 3253 prospiciens,
598 3183 673 3238 abire
691 3183 801 3239 dimisit.
816 3184 851 3238 dt
863 3185 907 3240 ille
921 3186 1031 3242 cubicu-

238 3270 319 3326 larios
342 3280 534 3342 cooperatores
553 3272 665 3339 babens,
680 3272 774 3329 relicta
787 3273 897 3330 ciuitate
910 3290 959 3330 sua
973 3275 1031 3330 dn-

238 3362 392 3420 tiocbenum
414 3365 550 3434 usurparit
572 3366 770 3436 episcopatum.
790 3363 893 3421 Fo'rere
916 3380 1032 3436 namque

238 3453 364 3509 studebat
377 3452 494 3509 betium.
508 3452 549 3510 0b
563 3468 643 3522 quam
658 3470 714 3511 rem
734 3456 808 3511 nisus
826 3463 869 3511 cst
887 3454 1031 3512 concilium

238 3540 327 3598 iacere
349 3544 537 3613 sacerdotum,
560 3552 587 3599 et
611 3545 807 3601 ordinationem
830 3545 855 3599 ci
879 3554 1032 3602 restaurare

237 3632 404 3688 diaconatus.
429 3631 505 3699 Quod
530 3649 697 3705 nequaquam
720 3642 824 3704 gestum
842 3645 894 3706 est,
911 3652 945 3694 eo
958 3637 1032 3707 guod

238 3723 323 3792 magis
336 3722 440 3779 valeret
462 3724 552 3780 odium
572 3734 666 3783 contra
685 3726 792 3782 Aetium
813 3742 894 3798 quarn
914 3727 1032 3785 Eudoxii

237 3812 409 3869 desiderium.
423 3812 458 3869 Et
471 3815 558 3871 debis
572 3817 680 3887 quidem
693 3825 797 3872 tanturn
811 3833 891 3874 nosse
904 3817 1030 3876 sufficiat.

237 3900 389 3972 Socrrrrss,
402 3903 448 3959 iii.
464 3921 492 3969 u,
508 3922 566 3976 cop.
580 3905 625 3962 ill.
645 3906 719 3964 Edit.
741 3907 836 3964 Cirirt.
864 3907 950 3966 Vates.
970 3926 1030 3981 cap.

238 3992 284 4059 37,
299 4012 326 4067 p.
344 3994 405 4050 132.
