4059 6184
261 302 352 376 ros

949 302 1063 364 victui
1082 302 1195 360 PAVAE.

1851 304 1898 358 tna

261 428 338 489 ιιιιιο
351 428 528 493 eontrarium,
549 433 578 483 et
589 423 817 482 emhedoo'eosts
837 422 933 496 synodi
953 421 1056 492 judicio
1070 424 1093 480 h
1108 433 1158 490 par
1171 419 1242 474 bane
1253 415 1415 474 senteutiam
1427 431 1442 472 a
1455 417 1532 474 nobis
1545 416 1678 489 prolatam
1699 431 1715 472 a
1739 428 1833 473 saneta
1853 412 1898 474 bei

260 520 471 580 indubitabiliter
491 518 640 585 inimicum,
663 516 788 588 quaedem
813 514 973 572 Nestorium
987 511 1055 582 dog-

257 619 331 669 mata
352 623 424 664 nunc
442 608 492 664 sab
506 607 564 678 ejus
577 606 726 663 sacomam
737 606 849 662 nomine
863 603 1055 671 condemnari,

257 705 304 776 qai
317 720 379 760 cum
392 702 493 758 sanetis
503 699 627 757 Patribus
641 699 764 756 eumdem
779 699 889 770 impium
901 698 1056 753 Nestorium

258 801 288 851 et
309 792 485 850 exsecrabilia
509 791 568 861 eius
590 789 717 858 dogmata
741 788 822 858 (sieut
839 786 967 859 diximus)
992 795 1057 842 tunc

257 884 427 954 apertissime
449 881 693 937 anathematizavit.
719 878 789 945 Quid
812 878 883 934 enirn
906 876 980 933 aliud
1002 882 1054 943 est,

257 975 406 1032 mendaces
413 982 459 1029 aut
468 973 627 1028 simulantes
635 970 830 1042 professionem
844 968 994 1025 reetaelldel
1004 965 1057 1022 Pa·

257 1074 316 1121 tres
325 1065 353 1120 ιιι
363 1073 455 1119 sanda
466 1060 678 1117 chalcedonensi
687 1059 793 1131 synodo
803 1059 952 1115 residentes
964 1069 1057 1115 osten·

257 1156 332 1218 dere,
357 1168 437 1224 qnam
462 1152 554 1207 dicere
576 1151 682 1220 aliquos
700 1166 733 1205 ex
757 1151 796 1205 eis
817 1149 914 1205 similia
935 1151 1057 1221 sapuisse

257 1244 397 1308 Nestorio,
412 1258 527 1313 quorum
546 1242 648 1313 judicio
669 1242 761 1297 videas
775 1242 930 1298 Nestorium
944 1240 1056 1311 ejusque

256 1333 383 1404 demuto
397 1333 480 1388 luisse
489 1329 634 1387 damnata?

292 1424 350 1480 bec
370 1424 435 1479 illud
447 1424 632 1479 arbitrandum
645 1430 701 1491 est,
722 1425 785 1494 qula
799 1432 900 1481 sancite
919 1426 1056 1482 memoriae

257 1514 350 1587 Cprilli
370 1516 476 1585 injuriis
490 1532 539 1588 per
548 1517 690 1572 duodecim
702 1516 950 1588 capitulorumejus
963 1530 1057 1588 repre-

256 1605 413 1661 hensionem
428 1620 443 1660 a
458 1607 516 1661 vtro
529 1606 676 1661 reumablli
691 1605 865 1662 Theodoreto
880 1606 922 1678 (ιιι
933 1606 1055 1677 putatur)

256 1696 361 1766 irrgeata
385 1695 532 1751 beatissimi
557 1695 651 1752 Patres
673 1697 758 1753 nostrl
783 1697 810 1752 in
831 1707 923 1753 saneta
949 1696 1056 1770 syuodo

1108 510 1230 568 Ecclesia
1257 509 1406 580 apostoliea
1433 511 1596 567 auctoritate
1621 510 1774 567 inveniatur
1806 511 1901 568 exelu-

1106 618 1177 659 sum.

1143 695 1164 750 l.
1190 693 1294 750 liumus
1315 701 1405 748 tamen
1429 692 1482 750 boe
1504 693 1660 764 specialiter
1673 694 1788 752 dicimus
1803 712 1811 750 t
1827 704 1856 751 ut
1877 696 1899 753 si

1107 785 1183 855 quis,
1199 791 1306 840 servata
1326 784 1580 840 inconvertibilitate
1599 796 1701 841 naturae
1720 785 1830 852 divium,
1845 803 1898 843 non

1107 875 1250 932 confltetur
1263 875 1382 931 Verbum
1396 891 1504 932 caruem
1519 875 1637 941 laetum,
1658 884 1685 931 et
1705 893 1738 932 ex
1762 878 1819 948 ipsa
1832 894 1898 934 cou-

1107 971 1234 1039 eeptione
1256 970 1290 1026 de
1311 976 1390 1026 utero
1404 969 1520 1039 Virginis
1533 971 1657 1027 humanm
1677 981 1779 1028 naturae
1793 973 1843 1030 sihi
1858 991 1900 1030 se·

1107 1059 1224 1115 cundum
1235 1058 1435 1115 subsistentiam
1449 1060 1540 1115 unisse
1552 1060 1695 1133 principia,
1713 1062 1761 1118 sed
1773 1071 1899 1135 tanquam

1107 1167 1168 1207 cum
1183 1151 1309 1206 existenti
1323 1149 1379 1218 iam
1399 1150 1509 1206 homine
1531 1151 1611 1207 luerit
1624 1151 1695 1209 Deus
1709 1153 1845 1218 Verbum:
1872 1165 1901 1210 ut

1107 1256 1157 1313 per
1179 1241 1232 1297 hoc
1256 1257 1309 1297 non
1331 1249 1424 1297 saneta
1440 1241 1521 1311 Virgo
1546 1258 1609 1298 rere
1632 1243 1680 1301 Dei
1700 1246 1815 1313 genitrix
1841 1263 1900 1304 esse

1107 1330 1248 1400 enodatum
1268 1332 1315 1388 sed
1329 1333 1412 1387 verbo
1428 1340 1507 1388 tentis
1520 1334 1685 1403 appelletur,
1701 1338 1841 1392 anathema
1854 1340 1898 1396 sil.

1142 1422 1175 1478 ll.
1190 1421 1219 1478 Si
1233 1423 1294 1494 quis
1307 1422 1455 1478 seeundum
1467 1422 1668 1481 subsistentiam
1679 1426 1809 1482 unitatem
1823 1437 1902 1483 natu·

1106 1528 1198 1568 rarum
1218 1512 1245 1568 in
1258 1511 1367 1569 Christo
1381 1513 1480 1568 iactam
1492 1513 1623 1585 denegat,
1638 1517 1686 1572 sed
1707 1532 1829 1574 seomum
1844 1521 1901 1574 eai-

1106 1604 1188 1661 stenti
1201 1605 1305 1662 bomini
1317 1612 1445 1677 tanquam
1459 1606 1504 1660 uni
1514 1605 1648 1675 justorum
1659 1609 1808 1667 inhabitare
1818 1612 1900 1667 Deum

1107 1693 1235 1762 Verbum,
1252 1703 1280 1749 et
1294 1710 1347 1751 non
1362 1696 1399 1750 ita
1410 1695 1571 1753 eoullteatur
1584 1708 1741 1755 naturarum
1753 1702 1908 1759 secuudum,

257 1783 470 1841 chatosdoaoost
482 1785 658 1854 neglexerint,
671 1787 718 1842 scd
732 1794 779 1841 aut
793 1787 833 1855 (ut
845 1795 911 1859 pote
923 1790 1005 1844 rebus
1020 1788 1054 1844 de
1070 1790 1093 1852 Β
1106 1787 1307 1842 subsistentiam
1330 1788 1475 1854 unitatem,
1498 1795 1528 1843 ut
1552 1789 1624 1845 Deus
1646 1788 1762 1846 Verbum
1776 1808 1836 1849 cum
1856 1808 1901 1849 as-

256 1877 382 1947 proaimo
393 1878 475 1945 gostis
494 1886 589 1933 cuncta
604 1893 660 1948 pne
672 1879 758 1935 oeulis
769 1879 911 1954 habentes)
925 1880 1055 1937 ‘lbcodo-

255 1975 345 2023 retum
364 1968 430 2023 nibil
443 1969 498 2027 tals
510 1968 606 2024 iecisse
621 1971 812 2040 probaverunt,
841 1981 887 2028 aut
901 1974 1054 2044 exemplum

255 2059 341 2130 ipsius
353 2069 455 2117 mactae
477 2061 614 2116 memoriae
628 2059 722 2134 cyrilli
734 2062 924 2132 iudicaverunt
938 2080 997 2121 esse
1009 2081 1055 2122 se·

256 2148 405 2223 quanticum,
431 2150 478 2219 qui
501 2158 563 2219 post
582 2151 665 2206 maha
688 2162 716 2208 et
739 2152 829 2223 maria
852 2132 947 2209 eontra
969 2169 1000 2210 se
1023 2154 1057 2209 ab

254 2235 437 2295 (hiemalibus
457 2240 528 2310 apud
549 2238 682 2311 Ephesum
704 2244 806 2314 scripte
828 2250 918 2313 gesta,
934 2251 1057 2314 tempore

254 2345 309 2401 qno
334 2346 395 2386 cunt
417 2331 482 2402 ipsis
496 2332 523 2387 in
537 2332 709 2388 concordiam
724 2336 870 2404 remeavit,
885 2341 1014 2405 tauquam
1033 2335 1057 2391 si

255 2430 316 2479 acta
332 2439 386 2477 non
407 2421 539 2488 subeam,
566 2425 641 2495 pueis
654 2440 756 2490 amore,
771 2426 879 2481 silentio
893 2427 1056 2497 dereliquit;

256 2522 287 2568 ut
309 2514 433 2583 impleret
454 2514 547 2585 utique
574 2515 637 2569 illud
656 2518 835 2586 apostolleum
861 2518 978 2583 dictum,
1000 2535 1056 2590 quo

255 2602 401 2658 (Ξιιιιιιιιιιιι
413 2604 516 2669 scribit,
530 2604 621 2660 dicens
635 2624 642 2659 ι
657 2605 705 2660 Cui
719 2608 788 2661 enim
808 2609 907 2682 aiiqtrid
926 2611 1056 2681 donastis,

255 2702 280 2747 et
289 2691 390 2765 eqo(ll
406 2692 467 2749 Cor.
483 2694 525 2763 ul.
540 2693 645 2750 Namet
655 2696 721 2751 illud
735 2706 827 2753 saneta
842 2699 960 2770 synodus
972 2697 1056 2756 Chai·

255 2783 415 2839 cedouensis
429 2784 577 2839 intendisse
591 2786 725 2841 credenda
740 2792 791 2855 est,
807 2789 869 2859 qula
880 2789 943 2846 dum
954 2791 1057 2849 doctri·

256 2890 319 2929 ιιιιιιι
334 2877 421 2932 sancti
431 2874 523 2947 Cyrilli
537 2891 571 2932 ex
586 2879 707 2948 epistolis
720 2880 779 2949 ejus
793 2881 820 2937 in
834 2881 930 2938 eadem
951 2884 1056 2957 synodo

255 2968 385 3024 rametis
395 2976 481 3038 atque
494 2970 612 3040 receptis
631 2979 797 3027 memoratos
808 2972 950 3044 episeopus
964 2972 1055 3032 Theo-

256 3059 365 3115 doretus
379 3061 416 3115 ιιιι
436 3060 532 3116 devota
547 3070 639 3117 mente
653 3064 787 3135 suscepit,
805 3074 834 3121 ut
847 3064 978 3124 doctrinm
988 3084 1057 3140 quo·

1108 1884 1214 1948 sumpta
1229 1890 1310 1933 came
1325 1893 1377 1932 una
1400 1877 1577 1948 permanserit
1591 1893 1802 1950 permaneaque
1815 1882 1901 1938 subsi-

1107 1967 1207 2023 stentia
1221 1970 1278 2024 sire
1293 1982 1418 2039 persona,
1433 1968 1576 2024 anathema
1590 1970 1633 2024 sit.

1143 2057 1187 2112 lll.
1203 2056 1231 2113 Sl
1246 2059 1307 2128 quis
1321 2074 1402 2116 voces
1416 2061 1585 2129 euangelicas
1595 2070 1621 2115 et
1629 2062 1792 2132 apostolicas
1807 2064 1833 2119 in
1848 2081 1901 2121 utro

1107 2148 1215 2204 Christo
1230 2148 1267 2204 ita
1283 2149 1393 2214 dividit,
1408 2159 1437 2205 ut
1451 2152 1533 2207 etiam
1552 2163 1708 2208 naturarum
1724 2154 1751 2210 iu
1767 2155 1825 2226 ipso
1841 2158 1901 2211 uni·

1108 2247 1195 2293 tuom
1210 2238 1369 2294 divisionem
1381 2239 1544 2310 introducat,
1559 2243 1701 2298 anathema
1714 2245 1758 2299 sit.

1144 2328 1187 2384 lV.
1210 2328 1239 2385 Si
1254 2331 1409 2400 quisunum
1430 2329 1520 2386 lesum
1541 2330 1677 2388 Ciuistum
1691 2350 1784 2390 verum
1804 2334 1851 2391 Ilei
1874 2345 1902 2391 et

1109 2420 1234 2477 eumdem
1262 2421 1349 2493 ipsum
1373 2436 1466 2477 rerum
1495 2424 1611 2480 huminis
1635 2424 1729 2481 Filium
1751 2426 1903 2484 futurorum

1110 2510 1291 2579 ignorantiam
1311 2520 1357 2567 aut
1367 2511 1421 2567 diei
1434 2512 1519 2569 ultimi
1531 2513 1624 2584 judicii
1644 2516 1769 2573 babuisse
1783 2517 1858 2588 dicit,
1874 2527 1903 2575 et

1110 2606 1184 2653 tanta
1202 2601 1272 2656 scire
1295 2602 1434 2673 potuisse,
1456 2612 1556 2675 quanta
1573 2606 1598 2659 ei
1612 2606 1711 2672 sicitas,
1728 2608 1803 2677 quasi
1824 2610 1903 2669 alteri

1108 2690 1216 2746 cuidam
1230 2691 1391 2760 inhabitans,
1404 2694 1552 2761 revelabat,
1567 2698 1708 2751 catathema
1720 2699 1763 2752 sit.

1145 2779 1177 2836 V.
1194 2780 1222 2836 st
1243 2782 1303 2853 quis
1316 2782 1381 2837 illud
1402 2782 1538 2853 Apostoli,
1552 2784 1623 2853 qued
1638 2786 1721 2840 estin
1736 2784 1854 2856 Epistola
1869 2788 1903 2844 ad

1109 2869 1238 2928 llebracos
1259 2873 1377 2938 dietum,
1399 2873 1471 2945 quod
1494 2876 1680 2946 experimento
1697 2880 1825 2949 cognorit
1838 2881 1904 2937 obe·

1109 2964 1253 3033 dientiam,
1275 2974 1303 3021 ct
1317 2981 1378 3022 cum
1402 2967 1521 3025 clamore
1544 2967 1606 3023 sorti
1621 2979 1647 3024 et
1661 2969 1786 3044 lacrymis
1808 2988 1903 3044 preces

1108 3055 1373 3127 supplicationesque
1387 3057 1485 3114 obtulit
1499 3057 1532 3113 ad
1545 3058 1639 3125 Deum,
1654 3061 1699 3132 qui
1714 3063 1817 3118 salsum
1827 3065 1902 3121 illum

255 3169 308 3225 quo
323 3153 382 3223 ojus
396 3153 431 3208 art
445 3154 605 3210 laudandam
625 3158 772 3213 beatissimi
794 3174 871 3230 popm
885 3158 984 3218 Leonis
997 3163 1056 3233 epi.
1069 3143 1093 3204 C
1108 3154 1201 3217 posset
1214 3162 1230 3202 a
1243 3158 1332 3204 morte
1344 3148 1443 3216 lacere,
1460 3158 1587 3222 tanlquam
1599 3152 1670 3209 nudo
1681 3154 1781 3211 deitate
1795 3155 1904 3214 Christe

255 3246 352 3303 stolam
368 3248 529 3302 testhnoniis
541 3258 673 3317 uteretur,
688 3251 794 3306 etiamsi
815 3252 842 3307 in
856 3267 917 3307 cum
939 3254 1051 3324 injurias

261 3338 384 3394 intulisse
396 3346 542 3406 constaret,
559 3341 711 3411 plenissime
730 3344 892 3402 satisfecisse
905 3347 1054 3418 uideretur,

256 3430 328 3486 illius
350 3431 541 3487 venerabiliter
562 3435 749 3504 amplectendo
774 3435 869 3505 iidem,
896 3436 972 3508 cujus
987 3437 1055 3495 salso

255 3520 344 3578 iuerat
357 3524 508 3594 suspicatus
522 3540 651 3581 errorem.
666 3526 701 3582 Et
724 3527 785 3584 idco
811 3544 860 3585 nos
886 3544 936 3586 nec
952 3531 1054 3601 aliquid

254 3614 330 3669 velut
343 3614 470 3671 omissum
486 3632 501 3671 a
518 3614 641 3672 Patribus
660 3619 760 3674 nostris
780 3634 902 3689 quaerere
922 3637 993 3677 nunc
1008 3631 1055 3677 aut

255 3714 402 3763 rehactarc
426 3708 571 3775 couvenit3
587 3716 613 3761 et
628 3722 675 3762 eos
688 3710 786 3779 quibus
801 3710 887 3765 sancti
901 3710 993 3782 Cyrilli
1008 3728 1054 3767 re·

254 3799 398 3870 prehensio
413 3812 485 3853 nurre
499 3799 603 3868 placet,
630 3806 676 3852 aut
691 3799 783 3854 isdem
806 3802 906 3857 sanctis
928 3798 1054 3859 Patribus

255 3891 354 3947 uostris
367 3892 500 3946 aestimant
523 3891 674 3961 placuisse,
698 3890 785 3949 modis
798 3894 924 3950 omnibus
947 3897 1052 3951 reluta-

255 3998 325 4038 utus.

291 4074 346 4129 llac
359 4088 424 4142 ergo
438 4089 527 4128 rerum
541 4072 655 4127 recitate
669 4076 960 4143 perpensasraroimos
971 4085 1055 4147 atque

254 4161 443 4227 decernimus,
460 4161 526 4215 nibil
545 4162 570 4215 in
587 4160 710 4231 injruiam
725 4172 806 4239 atque
828 4163 1053 4221 obtrectationem

255 4254 436 4325 probatissimi
461 4255 488 4308 in
513 4253 725 4309 chalcedonensi
740 4254 842 4328 synodo
862 4257 930 4325 viri,
946 4257 997 4313 bne
1010 4266 1053 4313 cst

255 4344 420 4400 'l'beodoreti
448 4344 566 4415 episcopi
592 4341 675 4414 Cyri.
700 4344 750 4398 sub
776 4346 912 4401 taxatione
936 4347 1053 4401 nammis

254 4438 312 4508 cius
326 4454 340 4491 a
356 4454 490 4509 quoquam
514 4436 580 4503 lieri,
597 4438 638 4492 vel
652 4436 784 4507 proteret:
801 4436 848 4491 sed
873 4438 1006 4493 custodita
1023 4442 1049 4492 in

1107 3240 1255 3312 deputans,
1270 3241 1316 3313 qui
1331 3242 1468 3299 laboribus
1483 3244 1588 3299 uirtutis
1602 3244 1735 3316 perlectus
1755 3247 1800 3312 sit,
1821 3255 1850 3303 ut
1868 3265 1904 3305 ex

1107 3331 1160 3386 hoc
1173 3330 1242 3388 duos
1256 3332 1427 3388 introducere
1438 3332 1561 3389 Christos
1582 3335 1624 3390 rel
1643 3334 1711 3392 duos
1726 3336 1794 3392 lilios
1810 3338 1903 3394 ridea-

1107 3431 1165 3490 tur,
1182 3432 1209 3479 et
1224 3440 1278 3479 nou
1300 3440 1382 3479 uuum
1396 3416 1575 3496 eumdemque
1589 3427 1674 3482 eredit
1695 3426 1830 3485 Christum
1854 3431 1904 3487 ilci

1106 3521 1134 3566 et
1148 3513 1263 3568 huminis
1278 3513 1372 3567 Filium
1388 3528 1422 3568 ex
1435 3514 1574 3571 duabuset
1585 3516 1611 3570 ιιι
1627 3517 1732 3574 duabus
1747 3505 1848 3575 naturis
1862 3522 1905 3576 in·

1106 3604 1302 3674 separabilibus
1336 3604 1509 3676 indivisisque
1529 3604 1710 3664 confitendum
1734 3618 1814 3680 atque
1836 3612 1904 3668 ado-

1106 3696 1228 3763 randum,
1246 3695 1388 3753 anathenia
1399 3698 1443 3752 sit.

1142 3787 1189 3843 llis
1203 3788 1329 3844 onrnibus
1344 3799 1372 3845 et
1386 3791 1538 3859 hujusmodi
1554 3792 1726 3863 blasphemiis
1740 3794 1777 3850 ita
1793 3812 1807 3850 a
1823 3796 1904 3853 nobis

1106 3876 1237 3932 abdicatis
1252 3886 1333 3949 atque
1348 3879 1495 3945 danmatio,
1512 3882 1562 3936 hnc
1575 3899 1583 3952 1
1595 3885 1715 3937 aesculis
1728 3886 1904 3943 constitutin-

1107 3966 1147 4020 uis
1160 3966 1336 4038 dispositione
1349 3983 1429 4037 quam
1446 3970 1561 4025 tarasium
1575 3971 1759 4040 providemus,
1772 3990 1805 4029 ue
1820 3975 1905 4041 (sicut

1105 4056 1337 4126 supradiximus)
1362 4060 1495 4127 personis,
1519 4074 1579 4128 qum
1603 4062 1629 4115 iu
1653 4077 1720 4131 paee
1740 4072 1905 4119 etcommu·

1106 4146 1187 4201 roone
1201 4146 1358 4201 rrrrirersulis'
1372 4147 1499 4203 ecclesie
1513 4150 1682 4217 quieveruut,
1699 4153 1749 4205 sub
1764 4153 1813 4208 hac
1826 4154 1906 4208 daro-

1107 4239 1161 4292 nati
1186 4254 1200 4293 a
1230 4239 1308 4294 nobis
1334 4241 1451 4309 peruersi
1484 4241 1615 4310 dogmatis
1639 4245 1780 4299 occasione
1802 4246 1905 4313 aliquid

1104 4327 1257 4395 ilsungum,
1274 4328 1320 4382 sed
1333 4329 1542 4384 exsecrabilibus
1557 4329 1730 4399 dogmatibus
1741 4333 1766 4387 iu
1778 4333 1905 4390 liestoriu

1105 4427 1186 4488 atque
1203 4417 1352 4490 Eutyelrete
1374 4419 1580 4490 haeresiarchis,
1606 4424 1791 4495 utris-emique
1806 4441 1905 4480 citrum

253 4530 378 4584 mun-ihus
401 4545 522 4597 mom„
546 4529 604 4596 ⁰5¹¹*
619 4530 767 4583 remmia
781 4570 788 4594 2
803 4544 970 4599 qumfunquo
984 4530 1052 4584 sm,
1068 4520 1089 4576 n
1104 4509 1265 4579 sequacibus
1276 4508 1469 4574 cendemnatis,
1481 4510 1533 4566 illis
1544 4512 1730 4569 sacerdotibus
1742 4517 1784 4583 qui
1796 4516 1821 4569 in
1835 4532 1907 4584 pace

254 4633 318 4691 pta,
345 4621 386 4675 rel
412 4622 534 4687 desorata
558 4620 616 4687 ejrrs
641 4622 784 4687 errjrrslihet
798 4632 810 4658 ι
826 4623 934 4675 nomine
947 4622 1052 4691 prolata

253 4712 444 4765 sceleratorum
460 4710 574 4763 Nestorii
591 4720 671 4778 atque
693 4710 849 4782 Eulyelretis
874 4711 1052 4767 manilestan-

254 4812 297 4854 tur
329 4801 465 4854 erroribus
496 4816 646 4854 crrrrsonare
678 4801 939 4855 anathematizamus
970 4809 1053 4871 atque

252 4890 421 4944 darnnauurs.
438 4888 544 4944 Etenim
560 4892 625 4945 satis
638 4891 738 4955 hahet,
753 4890 912 4960 abundeque
928 4890 1053 4947 sulllcere

251 4979 345 5047 debet,
367 4980 438 5051 quod
452 4980 611 5035 daumautes
625 4989 705 5049 atque
719 4981 978 5035 anathematizantes
990 4996 1051 5034 eum

221 5120 225 5129 .
254 5071 338 5127 Paulo
349 5070 526 5127 Samosateno
541 5081 568 5126 et
583 5071 689 5126 Bonoso
702 5070 864 5134 Nestorium,
876 5078 901 5125 et
917 5069 1051 5124 ediverso

252 5180 312 5219 cnm
336 5164 478 5219 Valentino
501 5172 581 5231 atque
595 5163 749 5233 Apollinare
770 5160 947 5233 Eutychetem
971 5157 1051 5214 simul

252 5264 280 5309 et
304 5268 409 5311 errores
432 5270 547 5318 eurum,
572 5254 693 5321 aliosque
711 5252 857 5306 haeretieos
880 5265 975 5305 omnes
989 5265 1050 5304 cum

251 5346 421 5411 dognratlbus
434 5350 506 5412 suis,
528 5346 589 5401 illos
603 5360 710 5415 qunque
726 5345 827 5414 pariter
837 5343 1050 5399 condemnamus

251 5438 297 5507 qui
312 5452 406 5492 eorum
425 5438 548 5508 impliciti
565 5446 600 5492 'et
622 5435 833 5491 ineruendabiles
858 5442 1049 5504 permanentes

251 5525 285 5581 de
300 5526 352 5579 vita
367 5527 506 5595 presentis
520 5527 611 5582 saculi
624 5526 815 5596 migraverunt.
837 5523 976 5595 Siquidem
1000 5540 1050 5594 per

251 5619 303 5676 boe
316 5618 382 5674 nibil
403 5633 538 5691 perversae
558 5619 686 5674 doetrinae
699 5619 886 5688 relinquimus,
909 5617 980 5686 quod
995 5634 1049 5671 non

287 5790 406 5861 ‘Fortia
418 5791 490 5863 ejus,
505 5798 550 5845 nrtt
563 5790 668 5845 alterius
682 5789 826 5860 crrjrotlto.
843 5788 1008 5844 llannutut's.

1104 4598 1237 4654 catholica
1264 4598 1389 4655 Ecclesiae
1409 4600 1489 4671 (sieut
1504 4601 1604 4656 dictum
1628 4603 1681 4676 est)
1700 4617 1763 4659 suut
1784 4605 1905 4663 defuncti

1105 4691 1176 4744 ntrlia
1190 4690 1353 4745 etrurtumclia
1367 4700 1528 4759 generetur,
1545 4708 1579 4747 ue
1594 4693 1656 4749 iude
1677 4696 1834 4764 iujuriarum
1852 4715 1905 4752 ua-

1104 4790 1194 4836 seatur
1204 4783 1322 4847 occasio,
1332 4784 1403 4838 unde
1415 4785 1505 4854 petius
1517 4783 1615 4840 debent
1626 4796 1727 4840 sanctor
1737 4806 1779 4840 ιιιιι
1793 4788 1828 4841 i‘a
1843 4806 1905 4844 rum

1105 4872 1255 4926 raro-coria
1273 4873 1411 4927 custodiri.

1141 4961 1178 5016 lle
1190 4962 1302 5033 epistola
1324 4979 1431 5033 quoquc
1446 4966 1606 5022 reiterabilis
1621 4967 1671 5021 viri
1685 4967 1747 5031 ibae,
1763 4969 1904 5037 quendam

1104 5052 1248 5109 Edesseuae
1265 5056 1381 5111 civitatis
1400 5056 1530 5126 episcopi,
1557 5057 1591 5112 dc
1616 5072 1668 5127 qua
1692 5060 1792 5128 pariter
1813 5059 1906 5129 inqul-

1104 5145 1190 5211 sistis,
1206 5145 1326 5214 diligenti
1350 5146 1523 5203 nibilominus
1549 5149 1755 5219 irrvestigatione
1778 5152 1908 5221 quaesivi·

1105 5254 1174 5303 ttius,
1196 5239 1295 5308 siquid
1311 5241 1345 5294 de
1366 5256 1397 5294 ea
1420 5242 1513 5311 priscis
1536 5242 1701 5311 terrrporibus
1716 5244 1787 5312 apud
1807 5242 1907 5301 Patres

1104 5338 1212 5384 nostros
1236 5341 1357 5392 motum,
1372 5330 1415 5385 rei
1434 5332 1574 5398 agitatum,
1590 5333 1647 5385 sive
1669 5334 1826 5400 quaesitum,
1852 5349 1907 5390 seu

1102 5421 1182 5475 interit
1192 5422 1379 5477 eorrslitulum,
1396 5420 1429 5474 Et
1440 5423 1502 5492 quia
1516 5420 1616 5477 Gimeoe
1630 5423 1727 5493 linguat
1741 5425 1821 5497 (sicut
1832 5441 1905 5477 cirri-

1103 5512 1153 5566 etis
1177 5520 1204 5567 et
1226 5514 1343 5568 mraxime
1367 5514 1461 5583 pietati
1486 5520 1581 5566 vestrm
1605 5510 1784 5585 uomur'ost)
1808 5531 1906 5571 sununs

1102 5604 1199 5671 ignari,
1216 5620 1285 5658 nuuc
1301 5611 1482 5674 pertansires,
1498 5603 1542 5671 qui
1557 5602 1676 5672 ejusdem
1692 5605 1788 5673 lingum
1801 5604 1901 5660 riden-
