4059 6184
802 217 986 277 contusus
1009 221 1205 283 PASClthlS.

203 357 1826 393 mmm

687 447 1010 535 COMPUTUS
1047 450 1373 542 PASCHALIS.

891 587 1132 604 ἡ

229 650 258 708 st
274 649 407 707 nosceris
420 661 518 722 quotus
531 668 616 708 annus
632 662 673 709 est
686 654 721 712 ab
733 653 918 710 incarnatione
933 652 988 708 uo·
1002 644 1029 704 A
1042 652 1112 722 cycli
1130 654 1394 714 decemnovennalis.
1418 659 1496 729 Quod
1520 660 1544 716 si
1568 661 1634 717 nibil
1658 665 1829 732 remanserit,

194 741 258 796 mini
279 741 364 798 nostri
384 741 447 797 lesu
469 741 577 808 eristen,
601 753 725 815 computa
746 745 853 816 triginta
873 760 920 801 ses
940 758 987 814 per
1039 760 1127 802 nonus
1140 746 1263 805 decimus
1274 765 1361 805 aurius
1375 760 1426 808 est.

194 834 363 904 quindecim:
385 834 452 889 liunt
466 834 601 905 quingenti
617 835 802 907 quadraginta.
819 836 866 890 llis
879 850 987 904 semper
1074 841 1103 898 Si
1116 842 1158 898 sis
1169 844 1239 899 seire
1255 854 1350 916 quotus
1364 848 1455 918 cyclus
1470 846 1539 901 lunxe
1553 854 1609 911 est,
1624 847 1669 918 qni
1684 847 1828 902 decemnu.

195 925 263 981 adde
284 924 436 989 duodecim,
461 924 528 980 diunt
550 927 687 996 quingenti
711 927 901 997 quinquaginta
921 926 985 982 duo.
1038 932 1144 987 aennali
1157 932 1259 989 circulo
1271 937 1444 1000 continetur,
1466 949 1544 991 sume
1566 948 1651 990 anuos
1665 936 1785 1004 bornuni,
1802 948 1829 994 ut

195 1015 271 1071 Adde
289 1024 317 1071 ιι
333 1014 492 1070 indictiones
507 1017 568 1070 anni
583 1016 659 1085 cujus
675 1016 808 1079 volueris,
825 1025 854 1071 ut
866 1025 927 1087 puta
938 1016 988 1073 de-
1039 1032 1102 1091 puta
1116 1024 1276 1093 quingentos
1286 1027 1425 1095 sexaginta
1440 1027 1519 1089 duos,
1533 1039 1559 1082 ιι
1579 1026 1709 1083 subtrahe
1724 1041 1830 1097 semper

195 1111 292 1164 cimam
306 1109 389 1166 vicies
402 1110 485 1166 semel
500 1119 560 1179 post
574 1108 742 1166 consulatum
755 1109 845 1165 Basilii
854 1109 985 1180 junioris:
1039 1110 1117 1178 dunis,
1133 1112 1200 1167 hunt
1215 1114 1350 1185 quingenti
1363 1118 1518 1185 sexaginta;
1541 1115 1588 1171 hos
1606 1117 1706 1186 partire
1719 1131 1767 1187 per
1780 1119 1830 1174 de·

196 1210 259 1258 sunt
268 1201 407 1272 quingenti
416 1200 554 1273 sexaginta
564 1201 628 1255 duo.
641 1199 685 1255 lsti
701 1200 764 1256 anni
778 1212 840 1256 suut
853 1201 887 1254 ab
900 1201 988 1254 iocar-
1039 1215 1097 1255 cem
1111 1209 1139 1257 ct
1151 1217 1261 1268 nosmu,
1273 1216 1414 1260 remanent
1433 1219 1539 1261 nouem.
1555 1206 1646 1260 Notius
1656 1207 1748 1278 cyclus
1759 1207 1829 1263 lionae

197 1295 305 1349 natione
319 1293 429 1349 Christi.
445 1292 502 1348 lloc
515 1299 617 1347 mutum
636 1307 738 1347 mernor
757 1302 814 1347 esto
831 1290 987 1359 sollicitius,
1039 1299 1080 1345 est
1092 1290 1344 1349 decemnovennalis
1358 1294 1468 1362 circuli;
1482 1295 1586 1364 quoties
1601 1303 1691 1351 autern
1707 1297 1773 1352 nihil
1785 1312 1828 1353 re

197 1394 227 1439 ut
248 1383 353 1455 quotics
375 1387 496 1455 quintam
509 1382 642 1438 decimam
665 1381 842 1453 compleveris
863 1381 989 1437 indictio·
1041 1394 1139 1450 manet,
1157 1396 1243 1438 nonus
1257 1383 1379 1439 decimus
1392 1398 1479 1439 annus
1493 1393 1544 1440 est.

197 1488 270 1539 nem,
296 1488 350 1544 quo
373 1480 560 1545 argumentum
584 1471 670 1543 possit
691 1471 823 1542 integrum
847 1470 988 1537 custodiri,
1074 1471 1102 1527 Si
1117 1471 1239 1528 sissclre
1252 1475 1360 1544 quaudo
1373 1473 1507 1530 bissextus
1520 1489 1606 1531 sunus
1619 1476 1673 1542 sit,
1693 1490 1828 1532 snmean-

200 1564 351 1635 quindecim
366 1578 420 1619 nou
433 1576 572 1629 assumas3
593 1562 641 1618 sed
660 1561 693 1618 ad
710 1562 822 1631 primam
841 1575 987 1631 suolmam,
1040 1576 1089 1617 trus
1104 1561 1218 1629 Domini,
1233 1571 1336 1635 utputa
1349 1565 1509 1635 quingentos
1521 1567 1657 1637 sexaginta
1669 1566 1735 1623 oum
1746 1583 1754 1633 3
1767 1583 1828 1637 pas·

198 1656 225 1711 io
240 1654 322 1711 estin
337 1655 444 1726 triginta
458 1668 505 1709 ses
520 1668 602 1710 unum
615 1666 721 1718 semper
735 1652 864 1722 adjicias,
880 1659 909 1706 ut
926 1659 988 1720 puta
1041 1654 1091 1709 tire
1105 1655 1213 1723 hospes
1226 1663 1358 1724 quatuor:
1372 1656 1395 1711 si
1411 1655 1476 1710 nihil
1493 1656 1669 1720 remanserit,
1692 1657 1829 1714 bissextus

198 1761 248 1818 pro
262 1747 367 1817 triginta
380 1746 518 1813 sex,llnita
528 1746 618 1815 qutun
629 1744 732 1800 decima
742 1744 896 1809 indictione,
907 1758 988 1814 quum
1040 1753 1092 1798 est.
1108 1742 1137 1799 st
1148 1757 1229 1799 unum
1242 1753 1288 1799 aut
1301 1744 1366 1810 duo,
1381 1744 1422 1800 sel
1439 1752 1502 1809 tres,
1520 1745 1653 1801 bissextus
1664 1761 1716 1800 oon
1731 1756 1782 1803 est.
1796 1747 1829 1803 ht

199 1839 226 1892 in
249 1837 387 1908 strperiore
408 1843 534 1906 computo
557 1833 659 1900 addas,
688 1833 792 1902 triginta
816 1842 918 1902 septem
941 1848 990 1903 pcr
1040 1833 1136 1889 nctibi
1160 1833 1271 1889 lousitan
1294 1835 1382 1905 aliqua
1404 1835 1490 1907 caligo
1512 1838 1613 1893 essoris
1632 1846 1764 1903 occurrat,
1781 1850 1828 1908 pet

199 1926 350 1998 quindecim
374 1926 553 1995 computabis,
577 1932 606 1981 et
625 1936 711 1980 annos
729 1922 835 1979 llotnini
857 1922 916 1979 sine
935 1922 990 1978 uilo
1040 1938 1147 1979 omnem
1159 1934 1313 1994 computum
1328 1941 1406 1993 quem
1420 1924 1516 1992 ducis,
1541 1926 1564 1981 si
1577 1926 1642 1982 nihil
1656 1929 1828 1996 superfuerit,

198 2033 292 2076 errore
305 2017 406 2088 poteris
419 2015 548 2085 reperire.
723 2020 727 2028 '
1003 2016 1164 2082 neumdcm
1184 2022 1338 2084 computum
1361 2028 1421 2071 esse
1444 2030 1491 2084 pes
1505 2031 1584 2086 quem
1600 2018 1828 2087 duccsagnosce:

234 2110 264 2168 Sl
276 2111 318 2166 sis
331 2108 401 2166 scire
413 2117 493 2180 quota
507 2117 548 2164 est
566 2106 692 2173 indictio,
708 2113 738 2161 ut
761 2115 821 2174 puta
842 2103 925 2160 vicies
943 2115 989 2158 se·
1042 2115 1071 2159 ut
1086 2112 1147 2173 puta
1163 2105 1186 2159 si
1202 2106 1355 2173 perdecem
1369 2113 1399 2160 et
1413 2119 1508 2160 notem
1524 2107 1624 2160 ducens
1638 2105 1703 2159 nihil
1717 2121 1828 2176 supera·

199 2203 251 2259 mel
263 2201 501 2273 postconsulatum
518 2199 607 2255 Basilii
620 2199 746 2268 jocinoris,
760 2210 836 2250 sume
853 2208 938 2249 ansius
955 2193 989 2247 ab
1040 2194 1120 2260 serit,
1130 2195 1200 2251 scias
1213 2210 1311 2250 stonum
1325 2196 1458 2252 decimum
1471 2211 1551 2264 esse;
1566 2199 1589 2254 si
1605 2213 1652 2270 pes
1665 2199 1828 2269 quindecim,

200 2296 384 2353 incarnatione
394 2294 498 2349 llomiui
514 2293 598 2348 nostri
612 2291 675 2348 iesu
689 2289 799 2356 Christi,
815 2289 894 2343 idest
911 2286 990 2355 quin·
1040 2284 1161 2358 quintum
1174 2285 1321 2352 decimum;
1337 2287 1360 2341 si
1375 2302 1422 2358 pes
1433 2301 1546 2358 septem,
1557 2290 1712 2358 septimum.

199 2400 297 2461 gerulos
310 2388 447 2458 sexaginta
461 2385 549 2449 duos;
566 2384 606 2439 his
617 2398 724 2453 semper
735 2381 821 2453 adjice
835 2381 906 2446 tria,
923 2379 990 2433 linus
1079 2376 1108 2432 st
1123 2379 1164 2432 sis
1178 2392 1344 2447 cognoscere
1357 2388 1439 2449 quota
1458 2381 1521 2435 luna
1535 2380 1618 2436 [estut
1637 2380 1773 2452 paschalis
1785 2396 1829 2438 oc·

200 2477 338 2553 quingenti
352 2476 488 2550 sexaginta
508 2475 637 2548 quinque.
654 2474 716 2531 tlaee
730 2475 828 2543 partire
847 2487 894 2542 per
912 2468 990 2537 quin·
1040 2477 1144 2522 currat:
1159 2468 1182 2523 si
1198 2468 1291 2523 llartio
1302 2483 1395 2524 mense
1409 2468 1511 2526 Pascha
1525 2470 1686 2539 celebratur,
1704 2485 1829 2543 computa

200 2571 299 2639 decim,
314 2566 689 2632 remanent'deccmdecima
701 2562 871 2620 estindlctin.
884 2561 912 2618 Si
925 2575 990 2616 sero
1040 2558 1222 2631 aSeptemhri
1242 2573 1325 2631 usquc
1348 2560 1381 2615 ad
1405 2560 1591 2628 Februarium,
1616 2565 1682 2620 hunt
1701 2581 1760 2622 sex.
1783 2566 1830 2622 llis

202 2661 269 2717 nihil
282 2660 451 2725 remanserit,
465 2658 557 2729 quinta
571 2656 673 2713 decima
687 2663 729 2710 est
747 2652 867 2709 indictio.
932 2642 935 2647 ’
1039 2661 1147 2718 semper
1159 2648 1319 2719 adjiceduo,
1335 2633 1769 2724 hunsocm3esepaen's,tdess
1784 2658 1830 2712 ad·

235 2751 262 2809 Si
279 2751 321 2807 ais
338 2764 501 2821 cognoscere
516 2753 581 2819 quot
598 2746 654 2802 siut
674 2755 789 2816 epacte,
806 2743 833 2799 id
856 2750 898 2798 est
912 2742 989 2813 adje·
1038 2738 1339 2813 jectioneslunaecujus
1351 2744 1548 2812 soluerisanui,
1561 2754 1663 2816 utputa
1679 2727 1831 2807 indictionis

201 2845 306 2900 stiones
321 2841 440 2908 lunares,
460 2853 536 2894 sume
549 2850 633 2894 annos
645 2835 679 2892 ab
689 2833 871 2891 incarnatione
885 2831 989 2887 homini
1040 2830 1151 2886 decimas
1165 2845 1246 2886 unam
1257 2848 1265 2888 a
1277 2832 1344 2888 dunt
1358 2849 1466 2905 nomm,
1480 2845 1507 2891 et
1519 2835 1577 2892 dies
1590 2836 1691 2893 mestsis
1710 2854 1762 2908 quo
1779 2840 1829 2894 l’a·

201 2932 386 3003 quotlueriut,
399 2939 503 3001 utputa
521 2928 681 2999 quingentos
693 2927 830 2996 sexaginta
840 2924 924 2988 duos;
941 2922 990 2976 hos
1041 2924 1104 2979 seha
1119 2923 1278 2988 celebratur,
1294 2925 1320 2981 ld
1332 2935 1373 2981 est
1385 2928 1481 2994 llartil,
1495 2930 1656 2996 tricesimus,
1672 2931 1739 2988 liunt
1748 2932 1827 2988 simul

201 3023 301 3093 partire
323 3020 477 3092 perdecem
501 3029 530 3076 et
553 3033 659 3084 novem,
684 3022 825 3072 remanent
848 3013 988 3078 undecim;
1040 3012 1235 3088 quadraginta:
1251 3012 1338 3071 deduc
1352 3016 1470 3087 triginta,
1486 3020 1748 3077 remanentdecema
1767 3021 1829 3077 luna

201 3112 252 3168 hos
277 3126 324 3182 per
347 3110 472 3167 uitdecim
500 3108 659 3180 multiplica,
684 3105 751 3163 hunt
769 3114 876 3162 centum
896 3102 990 3175 viginti
1040 3104 1459 3177 estindiesuperiusindicato.

203 3217 305 3271 uuum,
321 3201 370 3256 hos
382 3202 446 3257 item
460 3201 559 3270 partire
570 3213 616 3269 per
631 3197 750 3269 triginta,
763 3204 884 3253 remanet
900 3209 988 3260 unus;
1077 3195 1107 3253 st
1117 3211 1181 3252 sero
1191 3211 1284 3253 naerssc
1296 3197 1382 3267 apriti
1394 3199 1494 3254 l'aseba
1508 3200 1687 3268 celebramus,
1705 3214 1830 3271 computa

201 3307 255 3350 uua
267 3302 308 3350 est
320 3292 435 3362 adiectio
448 3290 560 3348 lunaris.
1040 3304 1174 3346 menecea
1187 3290 1336 3360 Septembri
1351 3292 1476 3362 usquead
1488 3291 1623 3347 llaruum:
1637 3295 1701 3349 liunt
1711 3304 1829 3363 sepsem;

237 3384 266 3443 st
281 3384 321 3439 sis
335 3383 405 3439 scire
418 3381 582 3452 adjectiones
595 3380 681 3447 solis,
704 3378 730 3434 id
744 3386 787 3435 cst
798 3385 989 3434 concurrentes
1001 3371 1027 3438 C
1042 3381 1085 3438 his
1098 3395 1205 3450 semper
1217 3380 1304 3452 adiice
1315 3381 1378 3446 duo.
1390 3382 1458 3438 liunt
1468 3398 1563 3438 nouem
1573 3400 1581 3450 3
1593 3383 1660 3439 adde
1671 3393 1699 3439 et
1708 3396 1828 3453 epactas,

201 3476 357 3546 septimanae
368 3473 437 3539 dies,
452 3487 529 3528 sume
542 3487 628 3527 anuos
637 3471 672 3528 ab
685 3471 870 3527 incarnatione
885 3467 988 3526 bomini
1044 3469 1071 3524 id
1085 3477 1127 3523 est
1141 3466 1306 3536 adjectiones
1319 3466 1388 3524 lunae
1401 3470 1477 3537 cuius
1492 3469 1609 3524 volueris
1620 3469 1702 3537 anui,
1725 3475 1755 3524 ut
1769 3479 1830 3538 puta

200 3577 265 3636 quot
282 3564 388 3628 luerint,
404 3571 432 3619 ut
445 3574 508 3633 puta
517 3565 679 3633 quingentos
692 3561 829 3632 sexaginta
842 3560 928 3629 duos;
942 3574 991 3630 per
1043 3559 1197 3616 indictionis
1210 3559 1322 3616 decimae
1335 3574 1413 3615 unam
1426 3604 1434 3627 ,
1449 3560 1496 3629 qui
1516 3559 1583 3614 dont
1595 3561 1708 3626 decem;
1732 3570 1760 3615 et
1772 3559 1830 3615 dies

201 3655 373 3711 indictionem
390 3652 523 3709 decimam
536 3656 668 3708 annoruni
682 3652 727 3722 qul
744 3652 853 3718 luerint,
867 3658 989 3721 quartum
1042 3667 1094 3707 mc·
1105 3651 1144 3706 sis
1164 3664 1218 3721 quo
1233 3648 1334 3707 Pascha
1352 3650 1538 3717 celebramus,
1562 3652 1589 3705 id
1607 3660 1649 3706 cst
1663 3651 1762 3720 Aprilis
1780 3665 1831 3705 no·

201 3761 307 3817 semper
320 3745 415 3816 adjice,
438 3743 517 3800 idest
531 3758 602 3798 nunc
615 3751 723 3799 ceritum
735 3740 929 3813 quadraginta,
944 3740 989 3810 qui
1041 3758 1117 3807 num,
1130 3742 1175 3811 qui
1189 3743 1269 3799 simul
1285 3741 1351 3797 liunt
1363 3741 1457 3798 decem
1469 3749 1495 3799 et
1509 3756 1624 3796 nocem:
1639 3755 1705 3796 saue
1714 3742 1737 3796 si
1750 3755 1831 3810 super

202 3837 358 3895 lluutsimul
373 3837 532 3907 septingenti
557 3835 627 3901 duo;
654 3834 697 3891 his
710 3835 778 3890 adde
793 3845 916 3903 quatuor,
939 3834 989 3888 hos
1042 3832 1149 3900 triginta
1162 3829 1307 3898 habueris,
1333 3844 1440 3896 semper
1457 3828 1564 3899 triginta
1583 3828 1747 3894 subtrahas,
1768 3839 1830 3884 susac

200 3933 299 4002 psrtire
314 3943 362 4000 per
374 3936 490 3998 septem,
505 3934 646 3982 remanent
659 3939 717 3981 sex.
742 3923 796 3981 Sex
809 3936 871 3979 suut
885 3933 988 3992 epacte
1040 3931 1128 3977 autem
1141 3933 1211 3975 noua
1224 3920 1327 3976 decima
1340 3921 1403 3975 luna
1417 3922 1479 3975 erit.

200 4020 277 4091 soils,
293 4018 320 4074 id
333 4028 374 4074 est
385 4024 577 4073 concurrentes
587 4016 744 4087 septimanae
758 4015 816 4071 dies
830 4031 878 4085 per
892 4030 989 4084 supra·
1075 4012 1105 4068 Si
1119 4012 1159 4068 sis
1169 4026 1332 4082 cognoscere
1344 4023 1440 4081 quotus
1451 4012 1509 4067 dies
1521 4011 1679 4082 septimana
1692 4017 1743 4074 eat,
1754 4024 1830 4066 sume

199 4112 326 4182 scriptam
340 4108 513 4167 indictionem
531 4107 614 4164 uicies
635 4107 719 4164 semel
741 4113 802 4177 post
820 4106 988 4163 consulatum
1040 4105 1096 4162 dics
1108 4121 1125 4161 a
1139 4104 1265 4161 ianuario
1276 4118 1360 4176 usque
1374 4104 1409 4160 ael
1429 4120 1547 4160 monem
1559 4119 1638 4173 quem
1652 4103 1787 4168 uolueris,
1802 4111 1831 4158 nt

199 4204 289 4259 Rasilii
299 4203 423 4274 junioris.
1037 4207 1102 4267 puta
1117 4210 1202 4266 usque
1214 4196 1248 4251 ad
1259 4210 1358 4250 nonum
1370 4197 1441 4250 diem
1456 4194 1558 4250 mensis
1573 4194 1683 4262 Aprilis,
1699 4193 1764 4248 liunt
1774 4193 1830 4247 dies

233 4293 262 4350 Si
275 4294 317 4348 ais
329 4294 399 4349 scire
410 4299 508 4364 quotus
529 4292 565 4347 sit
582 4305 668 4348 aouus
685 4290 778 4347 circuli
792 4289 886 4347 decern
900 4298 928 4346 et
940 4303 989 4346 oo·
1039 4286 1083 4344 99.
1096 4285 1143 4341 llis
1157 4285 1243 4357 adjice
1260 4299 1367 4364 semper
1380 4298 1479 4349 unum,
1498 4283 1564 4336 llum
1578 4294 1696 4337 mutum.
1711 4281 1746 4335 lit
1758 4293 1830 4335 sesu-

199 4404 259 4445 ssm
274 4403 415 4452 annorum,
440 4402 524 4443 sume·
538 4400 623 4442 aranos
642 4385 759 4454 Domini,
782 4392 811 4440 ut
831 4390 894 4455 puta
909 4384 987 4455 quin·
1040 4395 1087 4451 pes
1098 4377 1167 4434 adde
1187 4387 1294 4449 epactas
1310 4375 1375 4431 solis
1387 4373 1464 4445 cujus
1483 4370 1597 4427 nolueris
1612 4370 1695 4437 anni,
1718 4379 1747 4426 ut
1768 4381 1830 4439 puta

199 4489 293 4553 gentos
306 4478 444 4551 sexaginta
456 4477 534 4545 duos,
549 4487 576 4533 et
589 4491 671 4532 unum
682 4489 790 4544 semper
805 4475 907 4546 adjice:
920 4474 987 4530 dunt
1039 4468 1150 4525 decimae
1164 4467 1209 4522 ind
1220 4466 1315 4522 ctimris
1327 4472 1428 4520 matam
1440 4480 1449 4518 a
1465 4462 1530 4518 dunt
1544 4462 1624 4518 simul
1638 4466 1745 4517 mutam
1762 4473 1829 4527 sex;

198 4570 335 4645 quingenti
354 4570 491 4637 sexaginta
512 4578 583 4635 tres;
603 4569 653 4623 hos
675 4567 774 4638 partire
792 4582 841 4638 per
852 4567 946 4623 decem
959 4574 988 4622 es
1039 4557 1088 4615 hos
1106 4560 1204 4628 partire
1218 4559 1243 4613 iu
1257 4565 1379 4629 septem,
1392 4561 1514 4613 remanet
1528 4568 1602 4610 unas
1621 4553 1680 4625 ipsa
1695 4549 1834 4622 cstdosmg

200 4678 306 4729 sorem,
320 4670 460 4719 remanent
477 4659 627 4719 doodedm.
648 4659 826 4718 lluodcclium
844 4674 931 4716 annus
944 4667 988 4715 est
1039 4651 1099 4714 stica
1113 4647 1256 4721 paschatis.
