4059 6184
242 311 302 372 tte
818 305 855 361 tl.
872 303 1048 362 abentius
1066 300 1312 368 cusslobontls.
1829 297 1882 359 εἶθ

247 433 390 500 postquam
404 426 467 483 huic
479 430 579 483 nostrae
595 421 707 481 editioni
730 437 839 479 manum
853 423 974 478 unimam
988 420 1037 476 ad·
1054 420 1137 482 tiriae
1147 420 1218 478 illius
1230 420 1368 489 scriptoris
1378 421 1520 478 oscitantia
1531 429 1670 506 peccatum
1681 419 1880 492 luissepluriml

247 499 421 556 moverimus.
439 498 448 520 ·
1089 492 1270 561 suspicentur.
1280 492 1320 547 ile
1331 500 1420 547 tamen
1433 494 1504 548 serio
1514 493 1666 562 diutiusque
1680 506 1811 575 perpensa
1823 506 1881 547 nra·

288 567 428 623 Varianam
441 565 525 622 libros
544 564 670 636 proxime
683 565 804 635 sequitur
819 561 949 627 Historia,
977 576 1039 633 quae
1089 563 1218 633 nuscripti
1233 563 1317 618 nostri
1332 570 1361 618 et
1379 563 1477 618 veleris
1491 563 1616 618 editionis
1627 564 1769 617 lectionem
1793 562 1880 617 textui

249 637 311 696 ideo
326 637 470 709 Tripontitn
483 636 556 692 dicta
569 643 626 701 est,
640 634 711 705 quod
725 650 785 690 eam
796 650 831 690 ex
842 634 928 689 trihus
938 630 1040 688 Graecis
1089 641 1182 689 nostro
1207 634 1380 695 inseruimus;
1395 632 1431 687 ad
1452 634 1525 704 qnod
1547 648 1601 688 non
1623 634 1761 754 utriusque
1775 641 1881 686 ιεειιεε

249 708 413 774 auctmibus,
428 705 541 762 Socrate
554 705 668 772 scilicet,
689 702 849 770 Sozomeno,
866 709 895 759 et
914 702 1041 757 Theodo·
1090 703 1237 758 auctoritas
1251 718 1301 759 nos
1313 702 1432 766 induxit,
1449 703 1497 758 sed
1510 704 1649 772 graviores
1660 718 1710 773 pro
1722 711 1782 758 ecto
1797 703 1881 757 ratio-

248 785 309 835 reto
322 779 349 834 in
361 792 415 834 uno
434 791 548 848 corpore
560 775 703 831 duodecim
718 775 793 832 libris
806 774 959 842 collegisset
973 771 1040 828 Cas·
1089 787 1148 827 nes.
1161 772 1192 825 i⁰
1207 773 1284 840 Quod
1304 788 1351 829 sex
1366 773 1594 829 hebdomadarum
1614 783 1677 828 ante
1695 772 1798 828 Pascha
1810 771 1882 841 ieju-

248 848 391 905 siodoms:
409 843 479 913 Quor
492 863 549 913 nos,
564 846 651 915 inquit
664 844 780 901 Senator
795 854 885 901 noster
896 841 965 911 lla'b.
977 841 1038 897 liin.
1089 843 1163 898 nium
1185 842 1304 899 Socratis
1328 854 1450 913 tempore
1482 842 1575 898 Ronaae
1601 841 1683 898 inisse
1711 842 1882 911 observatum

248 917 446 990 Litt.,cap.l¹l,
460 918 602 989 inpransus.
614 915 683 970 liist.
698 914 794 986 irim),
804 932 853 998 per
864 913 1039 985 Epiphaniam
1090 912 1197 983 egregie
1229 913 1385 970 robarcrint
1397 913 1545 969 doctissimi
1557 914 1740 993 quamplures.
1758 911 1790 965 2⁰
1806 911 1884 967 Toti-

250 988 441 1044 rlclrolustr'cnrn
456 987 550 1042 belno
564 987 705 1041 condentes
726 987 842 1058 eloano,
863 983 1039 1038 necessariam
1090 982 1151 1037 dem
1174 983 1208 1037 he
1245 984 1348 1039 omadis
1374 998 1390 1037 a
1415 982 1544 1038 Romanis
1565 982 1713 1054 jejunatum
1732 983 1884 1038 luculenter

249 1059 371 1113 ducimus
384 1074 472 1114 rotrtm
486 1058 556 1113 dieto
576 1056 703 1125 annorum
723 1058 751 1111 in
771 1057 847 1109 anius
864 1055 925 1126 styli
939 1061 1037 1119 tractu,
1090 1052 1170 1108 docet
1183 1051 1359 1110 Cassiodorus
1372 1064 1464 1110 noster
1474 1055 1500 1109 in
1512 1055 1692 1123 explicatione
1705 1054 1775 1109 tituli
1787 1053 1882 1122 psalmi

250 1129 363 1184 Domino
386 1128 505 1199 jurante,
529 1125 684 1199 perducere,
699 1135 724 1180 et
747 1126 779 1181 de
796 1124 878 1180 tribus
892 1122 1040 1178 unctoribus
1090 1124 1262 1187 xu,uhiait:
1290 1123 1471 1195 Quadrnqr'ntn
1494 1124 1583 1179 diebus
1598 1126 1628 1182 S.
1645 1125 1749 1196 Moyses
1771 1124 1884 1179 abestis

248 1215 329 1253 anam
343 1200 429 1322 {acere
447 1199 596 1254 dictionem.
613 1194 647 1249 Et
664 1213 697 1251 ne
708 1198 853 1269 qnempiam
866 1210 908 1249 res
921 1193 1041 1248 indistln·
1090 1195 1219 1264 corporeis
1231 1196 1412 1265 temperavit...
1425 1193 1523 1250 Eodem
1537 1196 1614 1251 motio
1628 1194 1736 1251 Elius...
1746 1193 1806 1264 ipse
1817 1210 1882 1262 quo·

249 1277 293 1323 cta
303 1278 344 1322 tur
361 1277 426 1331 orel,
438 1259 639 1340 peramoenum
649 1273 747 1322 testum
759 1267 843 1336 operis
858 1264 982 1318 titulasse
993 1277 1041 1330 ep-
1090 1281 1139 1335 que
1152 1264 1279 1319 bantinus
1298 1264 1406 1319 totidem
1426 1265 1514 1320 diebus
1534 1281 1565 1319 ae
1579 1264 1695 1321 noctibus
1701 1265 1840 1335 jejunarit,
1855 1271 1885 1316 nt

250 1338 367 1408 petuisse
380 1339 456 1394 dicit.
471 1337 527 1393 Nec
546 1337 628 1392 alium
643 1351 677 1392 eo
691 1337 719 1392 in
741 1351 825 1406 opere
850 1349 962 1404 scopum
987 1332 1040 1389 sihi
1090 1334 1166 1388 trabis
1177 1337 1289 1406 [ermom
1303 1334 1385 1389 benna
1395 1335 1582 1406 purificationis
1593 1335 1747 1391 ostenderet.
1761 1333 1886 1399 Quadra·

251 1407 334 1464 luisse
349 1416 473 1473 testatur,
484 1422 565 1477 quam
580 1421 615 1463 ne
626 1406 739 1462 historia
758 1407 816 1461 haec
830 1405 908 1460 abiis
921 1402 1041 1458 anctori-
1090 1406 1195 1475 qesimre
1213 1407 1353 1476 quinetiam
1371 1406 1453 1475 ipsius
1467 1406 1588 1460 doemnar
1598 1406 1724 1476 exemplo.
1741 1404 1886 1459 Premitti·

251 1479 301 1533 bus
315 1476 477 1544 mirabiliter,
489 1485 519 1532 nt
532 1478 570 1532 ait
580 1476 651 1549 (tit.
666 1475 727 1532 Dio.
741 1473 817 1541 litt,
829 1491 887 1544 enp.
903 1472 958 1546 ll),
975 1488 1040 1527 eon·
1092 1484 1133 1527 tur
1143 1484 1240 1545 tempus
1253 1474 1425 1537 abstinentie,
1441 1485 1469 1529 at
1478 1476 1566 1530 albstat
1577 1476 1693 1530 sordibus
1706 1485 1883 1546 peccatorum,

253 1550 370 1621 scripta,
393 1542 534 1605 monacbis
557 1549 613 1603 suis
628 1545 828 1602 vivariensibus
840 1545 949 1600 deesset
964 1561 971 1597 ι
985 1540 1039 1606 Ne,
1091 1543 1127 1598 ad
1142 1542 1364 1600 Resurrectionem
1377 1544 1484 1600 Domini
1498 1548 1569 1616 puris
1580 1545 1705 1601 mentibus
1719 1545 1884 1600 accedamus.

250 1619 348 1689 inquit,
358 1619 463 1674 insultet
472 1634 501 1674 se
512 1617 605 1672 babere
616 1616 730 1688 [henreda
740 1613 840 1671 Graecia
855 1615 1039 1677 necessarium,
1091 1613 1150 1670 Non
1162 1616 1199 1669 ita
1210 1630 1275 1671 sane
1289 1616 1323 1670 dc
1336 1615 1509 1686 quadraginta
1524 1617 1628 1672 dierum
1639 1615 1741 1685 jejunio
1755 1616 1885 1685 loquere·

249 1688 319 1762 quod
332 1689 403 1744 uobis
416 1688 755 1813 ssrdicetessesablroctnm.
1093 1690 1137 1739 tur
1147 1684 1335 1753 Cassiodorus,
1353 1686 1376 1741 si
1398 1684 1519 1741 Socratis
1538 1696 1660 1758 tempore
1674 1687 1759 1742 tribus
1777 1694 1885 1740 tanturn

287 1758 392 1815 Scimus
440 1798 447 1813 .
476 1758 635 1813 Rhodanum
666 1758 694 1813 in
719 1755 860 1826 Eiphanii
887 1754 1041 1810 versionem
1093 1751 1278 1820 hebdomadis,
1298 1756 1419 1825 exceptis
1437 1756 1550 1812 sabbato
1563 1768 1592 1811 et
1607 1756 1749 1822 dominica,
1763 1756 1790 1811 id
1804 1764 1846 1811 est
1860 1755 1886 1810 si

253 1828 351 1885 acerbe
364 1836 392 1884 et
414 1828 609 1885 contumeliose
631 1827 722 1883 inuehi
737 1773 787 1900 (in
800 1824 909 1897 epistola
931 1825 1043 1896 prefixa
1057 1810 1082 1871 Β
1094 1824 1244 1895 quindecim
1256 1833 1359 1880 ιεειεει
1373 1826 1469 1893 diebus
1487 1837 1550 1883 ante
1569 1825 1671 1882 Pascha
1684 1826 1797 1882 Romani
1809 1825 1885 1895 jeju·

248 1896 524 1970 ‚operibuslt'rrsebii),
540 1897 618 1969 eique
641 1895 727 1953 Graeci
750 1912 783 1953 ac
795 1895 883 1952 Latini
908 1893 1042 1950 sermonis
1093 1903 1219 1962 nassent;
1238 1897 1343 1951 vixerat
1360 1896 1432 1952 enim
1457 1910 1520 1951 cum
1545 1897 1666 1966 plurimis
1691 1896 1737 1968 qui
1763 1896 1888 1951 Socratis

248 1967 413 2040 imperitiam
432 1968 561 2037 objicere,
584 1967 661 2037 eujus
674 1966 843 2023 oscitantiam
865 1972 894 2022 ει
916 1972 1044 2038 typogra·
1092 1973 1173 2020 aetate
1186 1963 1279 2022 Romae
1303 1964 1460 2030 floruerant,
1475 1982 1490 2021 a
1505 1968 1602 2036 quibus
1623 1981 1678 2022 non
1700 1967 1888 2022 indubitanter

249 2039 368 2110 phomm
380 2040 477 2094 menda
491 2045 630 2112 pertaesus,
646 2053 701 2093 non
714 2037 772 2093 sine
785 2035 929 2107 supercilio
951 2040 1044 2089 mouet
1093 2044 1233 2104 acceperat
1246 2035 1333 2107 qualis
1347 2043 1404 2091 turn
1417 2036 1488 2119 apud
1499 2036 1636 2093 Romanos
1654 2037 1725 2094 loret
1735 2036 1888 2108 quadrage-

250 2109 331 2179 plura
356 2124 387 2165 se
418 2109 577 2180 castigasse.
604 2106 752 2176 delevisse,
779 2106 957 2177 supplevisse.
989 2102 1045 2158 Sed
1093 2104 1194 2162 simalis
1202 2105 1297 2176 jejunii
1311 2106 1474 2163 obsecrans.
1488 2108 1519 2162 3⁰
1530 2107 1612 2164 Certo
1625 2108 1725 2164 certius
1734 2116 1840 2163 constat
1851 2122 1888 2160 eo
1968 2114 1972 2121 '

274 2193 336 2233 uam
349 2193 444 2248 pamm
456 2179 528 2247 iusta
542 2177 597 2233 sint
610 2176 681 2235 illius
692 2180 719 2234 in
734 2180 908 2248 interpretem
922 2172 1044 2231 convicia
1094 2176 1123 2231 in
1136 2174 1288 2247 Tripartitae
1298 2177 1387 2247 capite
1401 2178 1600 2247 agnoscendum
1621 2176 1730 2248 aliquod
1744 2176 1890 2247 scriptoris

245 2194 381 2304 iambitur
391 2250 480 2304 ominis
493 2252 539 2319 qui
558 2256 679 2304 nostram
700 2249 772 2304 hane
795 2246 939 2303 editionem
953 2243 988 2299 ad
1011 2241 1044 2296 fl·
1095 2253 1225 2313 erratum,
1245 2246 1317 2329 quod
1339 2262 1390 2303 nec
1406 2248 1457 2318 ipsi
1470 2247 1618 2305 diffitentur
1631 2248 1804 2311 heterodoxi;
1820 2262 1890 2302 nam

249 2320 317 2373 dem
331 2320 578 2390 manuscriptorum
595 2318 700 2376 sincere
724 2317 864 2374 reductam
877 2330 939 2373 cum
953 2324 1045 2370 asern-
1094 2325 1158 2388 post
1169 2332 1292 2387 supernus
1301 2317 1383 2373 allata
1397 2318 1479 2375 rerba
1495 2336 1502 2372 ι
1518 2318 1631 2374 Romani
1641 2327 1693 2374 tres
1703 2328 1763 2373 unte
1780 2317 1890 2371 l’asebc

247 2389 300 2443 tiis
314 2388 436 2445 Rhenani
449 2388 603 2445 contulerit.
617 2388 757 2446 Mirahitur
767 2387 883 2444 lortasse
902 2399 964 2442 eum
979 2382 1045 2439 nihil
1095 2388 1254 2458 septimanas
1275 2398 1368 2457 preter
1380 2389 1516 2444 sabbatam
1529 2399 1554 2444 et
1568 2390 1724 2444 dominicam
1741 2387 1788 2442 sub
1801 2387 1891 2442 conti-

251 2470 285 2513 ut
298 2459 441 2529 plurimum
461 2460 619 2515 emendasse
632 2475 713 2530 quam
736 2459 819 2515 rerba
830 2456 961 2528 quaedam,
986 2468 1046 2523 quae
1095 2458 1218 2512 numiano
1227 2458 1359 2529 jejunant,
1381 2460 1432 2514 ista
1450 2459 1548 2515 deinde
1562 2459 1705 2528 leguntur:
1720 2459 1812 2514 ilomae
1824 2459 1891 2512 snb·

252 2545 316 2582 eum
329 2529 363 2584 ba
379 2530 510 2586 bariemos
534 2538 562 2585 et
575 2527 742 2587 soloecismos
766 2541 826 2585 esse
844 2527 987 2597 judicaret,
1006 2522 1047 2579 la·
1097 2527 1286 2583 hotaunr'uersu
1304 2529 1435 2600 jejunent,
1458 2535 1486 2584 et
1509 2545 1524 2584 a
1547 2529 1652 2584 lurtiori
1669 2529 1891 2598 Quadragesimae

254 2598 336 2653 stidio
350 2599 465 2669 quodam
476 2598 669 2656 delicatissimo
682 2600 764 2655 bilem
776 2598 826 2669 ipsi
840 2607 868 2653 et
878 2594 1046 2675 stomachum
1096 2604 1150 2652 tem
1171 2613 1228 2654 ore.
1235 2598 1301 2665 Quis
1310 2613 1375 2668 ergo
1388 2600 1455 2656 sciat
1463 2614 1497 2655 an
1507 2600 1588 2655 etiarn
1599 2616 1654 2665 ses,
1665 2608 1718 2657 non
1727 2610 1778 2654 tres
1789 2598 1893 2654 hebdo-

249 2669 352 2722 animm
365 2669 392 2723 in
405 2669 513 2724 modum
527 2662 1048 2744 commoverant.NondiiiitemurEpr·
1096 2683 1139 2722 ma
1200 2668 1236 2722 ihi
1246 2668 1508 2726 olimaCassiodoro
1523 2670 1652 2741 scriptum
1663 2671 1752 2734 luerit,
1766 2668 1843 2738 qnod
1854 2672 1894 2725 sit

254 2737 349 2809 phanii
363 2739 514 2794 versionem
528 2754 602 2809 pnrac
627 2738 780 2795 Latinitatis
793 2752 887 2808 parum
914 2733 1047 2790 barbarrei
1097 2748 1191 2810 postea
1204 2740 1417 2808 antiquariorum
1431 2740 1472 2796 rel
1486 2741 1560 2806 dolo,
1571 2741 1613 2796 rel
1626 2741 1728 2797 incuria
1742 2748 1892 2796 mutaturn.

252 2806 379 2863 Gothicae
398 2808 541 2880 plurimum
555 2810 654 2866 habere
670 2827 677 2863 ι
692 2808 739 2865 sed
752 2824 808 2863 non
827 2809 865 2862 ita
885 2777 954 2861 (rede
967 2804 1047 2859 aber·
1134 2806 1240 2863 Scimus
1251 2810 1376 2878 equidem
1388 2811 1570 2866 doctissimum
1581 2809 1749 2878 Quenellinm
1764 2811 1895 2881 implica-

255 2878 335 2945 rarit,
351 2885 380 2932 ει
399 2879 434 2934 ob
447 2879 601 2936 barbaricas
626 2881 735 2945 naenias,
749 2886 777 2933 et
799 2876 928 2933 incultum
943 2888 1047 2931 sermo-
1099 2878 1207 2934 tissime
1220 2876 1383 2936 dillicultatis
1397 2880 1496 2936 nodum
1505 2882 1618 2937 solvisse
1629 2880 1751 2953 (Dissert.
1766 2880 1798 2935 de
1811 2880 1893 2936 sabb.

257 2963 320 3002 nem
343 2956 398 3004 tota
413 2950 515 3019 periret
539 2964 555 3005 o
575 2949 629 3005 eris
655 2946 750 3015 lacies;
778 2947 847 3003 sicut
871 2944 993 3002 eamdem
1013 2942 1049 2999 ob
1094 2948 1219 3021 Jejnnio),
1233 2963 1294 3004 cum
1314 2949 1340 3005 in
1358 2949 1498 3006 Socratem
1521 2951 1657 3007 hominem
1672 2948 1794 3006 uranum
1808 2951 1896 3021 longe

248 3032 367 3072 causam
380 3027 492 3076 caeteros
506 2965 655 3076 Gothorum
669 3020 814 3089 scriptores
835 3016 869 3072 de
891 3014 980 3071 medio
994 3012 1048 3069 tol·
1098 3019 1132 3073 ah
1147 3019 1213 3074 urhe
1226 3017 1313 3075 iiorna
1326 3018 1460 3087 dissitum,
1482 3029 1511 3076 et
1530 3020 1604 3076 ialsis
1627 3021 1787 3076 mmusculis
1806 3021 1897 3076 dece-

257 3088 353 3143 lendos
372 3104 451 3146 nemo
463 3089 524 3160 jure
538 3090 644 3146 dixerit.
660 3090 829 3170 Quapropter
849 3085 974 3141 litteratis
986 3099 1047 3139 orn·
1099 3097 1186 3159 ptum,
1202 3103 1321 3144 errorem
1332 3104 1439 3147 omnem
1453 3089 1577 3157 relundit,
1591 3106 1699 3162 querna
1724 3089 1897 3148 Cassiodorn

258 3157 348 3223 nibus,
362 3160 458 3230 quihus
472 3174 580 3230 semper
593 3160 729 3230 antiquior
742 3156 792 3213 lon
813 3164 954 3237 auctorem
967 3168 1048 3236 quam
1062 3170 1084 3231 (2
1099 3166 1263 3229 exscerptum
1278 3159 1323 3223 ait,
1337 3175 1389 3216 non
1404 3161 1530 3216 malitiosi
1544 3162 1625 3216 animi
1640 3162 1715 3228 nitio,
1727 3161 1774 3215 sed
1785 3162 1900 3230 exposi-

249 3228 481 3298 ·intorpolatorum
506 3230 598 3297 lectio,
622 3238 726 3300 gratum
753 3228 810 3284 lore
832 3235 1003 3297 putarimus,
1026 3238 1049 3278 ει
1101 3229 1167 3282 toris
1181 3229 1280 3292 allicio,
1295 3229 1442 3297 cujuscurn
1465 3231 1500 3285 ibi
1516 3247 1612 3287 munus
1626 3230 1718 3298 obeat,
1733 3232 1826 3286 onrnia
1842 3230 1900 3287 So·

250 3305 348 3353 toturn
362 3300 441 3369 quale
455 3308 497 3356 cst
510 3299 664 3357 cassiodori
690 3299 829 3355 senatoris
854 3304 883 3352 et
908 3293 1050 3375 Epiphanii
1101 3299 1182 3353 emtis
1193 3299 1274 3354 verba
1287 3300 1357 3355 bona
1372 3300 1425 3357 lide
1437 3302 1549 3357 reddere
1562 3301 1664 3357 debuit
1681 3300 1749 3355 lluic
1759 3311 1900 3371 prmstan·

260 3383 329 3438 opus
343 3369 368 3423 in
382 3371 522 3441 pristinam
537 3371 592 3426 inte
610 3370 717 3426 ritatem
732 3369 950 3429 restitueremns;
965 3379 1051 3446 maxt-
1102 3369 1211 3424 tissirnrc
1225 3369 1416 3436 observationi,
1437 3386 1489 3442 qua
1512 3372 1627 3428 Senator
1651 3380 1744 3427 noster
1762 3371 1796 3425 ab
1817 3372 1901 3428 omni

250 3455 304 3492 une
319 3452 379 3495 cnm
395 3455 410 3495 a
425 3441 571 3497 doctissimi
585 3384 683 3498 latoni
700 3439 822 3495 versione
835 3436 1004 3508 paucissimis
1024 3450 1051 3488 m
1101 3438 1161 3494 labe
1176 3445 1313 3510 purgatur,
1329 3440 1443 3496 libenter
1456 3442 1692 3510 acquievissemus,
1705 3441 1754 3496 nisi
1771 3442 1903 3498 tantillus

261 3508 329 3564 iocis
343 3525 422 3566 sensu
437 3511 581 3581 discrepet,
597 3525 724 3567 neceam
747 3507 890 3564 infeliciter
904 3506 1052 3629 interprete
1101 3510 1250 3565 nosadhuc
1260 3510 1388 3565 retineret
1406 3511 1555 3580 scmpnlus.
1571 3511 1630 3566 Non
1644 3514 1716 3567 enirn
1730 3513 1904 3581 expositoris

260 3588 355 3660 inostro
366 3582 421 3636 suis
434 3582 460 3636 in
472 3580 706 3641 observationibus
720 3595 775 3636 non
785 3577 869 3636 semel
879 3591 957 3634 usum
981 3576 1052 3630 uisse
1101 3578 1285 3643 solummodo,
1297 3580 1361 3646 sed,
1377 3588 1407 3635 ut
1419 3581 1476 3650 ipse
1488 3582 1536 3646 ait,
1552 3583 1715 3653 separareris
1727 3583 1904 3650 prorinciam

259 3648 411 3706 rideamus.
1033 3714 1039 3726 .
1102 3649 1223 3719 suscipit,
1234 3649 1261 3703 id
1274 3659 1326 3718 cst,
1338 3650 1469 3706 extribus
1483 3653 1637 3708 auctoribus
1650 3653 1701 3707 alia
1714 3653 1747 3707 ah
1762 3667 1829 3715 nura,
1845 3654 1905 3708 alia

299 3717 367 3775 iluic
389 3722 480 3791 itaque
502 3720 612 3777 editioni
635 3719 811 3777 reformande
833 3732 883 3786 sup
904 3715 970 3771 etias
991 3715 1054 3769 tulit
1103 3719 1905 3793 ahaltcro,relassumendo,veirejiciendo,continnatarn

262 3790 388 3860 antiquus
400 3793 486 3847 codex
501 3792 655 3846 monasterii
679 3791 710 3846 lt.
724 3789 815 3845 biarisn
839 3787 873 3842 do
909 3800 969 3866 Ιγεε·
983 3800 1052 3855 qua·
1103 3791 1196 3845 scribit
1208 3790 1359 3846 historiam.
1373 3790 1401 3845 ld
1415 3800 1490 3846 certe
1501 3793 1533 3847 iis
1546 3807 1606 3861 quae
1616 3810 1649 3849 ex
1663 3808 1697 3847 eo
1707 3808 1787 3863 supra
1800 3794 1907 3848 retuli-

262 3859 464 3928 drinqcnmrum
488 3861 549 3932 plus
562 3861 683 3917 minusve
706 3873 836 3915 annomm
860 3864 1053 3936 optimamanu
1103 3874 1162 3915 nnus
1186 3861 1275 3916 uerbis
1287 3870 1379 3931 aperte
1394 3861 1573 3929 significatur,
1585 3870 1613 3918 et
1632 3862 1719 3918 adhuc
1734 3861 1843 3933 plenius
1868 3878 1907 3917 ex

262 3937 400 3987 exaratus.
415 3930 472 3986 Nee
484 3931 572 3986 uulnus
582 3931 683 4002 proluit
701 3932 768 3986 alter
782 3943 833 3984 ms.
849 3925 878 3982 S.
892 3924 1053 3980 'lheodorrcr
1104 3930 1197 3985 eadem
1212 3929 1363 4002 Tripartilar
1377 3931 1550 4001 prelatione:
1566 3931 1624 3989 Nos
1638 3942 1733 3999 aarum,
1744 3932 1845 4002 inquit,
1858 3950 1908 3988 eo-

262 4013 349 4071 prope
365 3999 494 4069 Rhemos,
508 4005 556 4069 qui
575 4009 764 4060 sexcentorum
787 3998 894 4056 circiter
921 4010 1054 4050 annornm
1104 4016 1162 4054 runs
1174 3999 1274 4055 relectis
1282 4000 1654 4075 aperitunernnnnquenque
1663 4011 1833 4056 consumente
1850 4013 1909 4057 tra·

262 4069 447 4127 characterem
470 4074 589 4142 prnlert.
604 4071 776 4127 Dissimulare
793 4083 848 4124 nnn
868 4080 1010 4147 possumus
1026 4066 1053 4117 in
1104 4078 1213 4133 etentes,
1225 4072 1388 4143 coqrronr'ntas
1413 4087 1464 4126 non
1478 4073 1610 4137 aequaliter
1633 4090 1721 4127 omnes
1737 4073 1769 4126 de
1782 4088 1910 4144 unoquo·

264 4138 306 4194 llis
318 4140 506 4210 manuscriptis
519 4142 656 4200 codicibus
670 4157 718 4197 eos
730 4139 843 4197 inveniri
858 4135 984 4217 loquendi
996 4142 1054 4189 tro·
1166 4157 1194 4194 re
1216 4140 1357 4196 luculenter
1369 4157 1401 4195 ae
1424 4141 1553 4196 subtiliter
1565 4144 1743 4213 esplnrmsse:
1759 4143 1807 4196 sed
1822 4146 1910 4198 modo

263 4224 323 4277 pos,
342 4211 932 4280 quushnharismusetsolecismosuocant
945 4205 1054 4284 Rhena3
1114 4225 1183 4275 rane,
1204 4210 1280 4264 modo
1302 4212 1412 4266 atterum
1431 4212 1511 4266 aliam
1524 4222 1623 4282 portem
1645 4212 1736 4267 melias
1802 4212 1911 4269 rdine.

264 4294 315 4335 nus
327 4294 334 4343 ;
346 4280 392 4335 sed
403 4279 544 4350 benignius
553 4282 723 4340 condonandi
734 4290 796 4337 sunt
805 4278 901 4333 Latino
915 4275 1055 4399 interpreti
1105 4277 1140 4333 Et
1158 4281 1215 4335 ideo
1230 4281 1404 4351 iudicauimus
1425 4280 1458 4336 de
1477 4283 1587 4353 sinqulis
1605 4282 1746 4337 dictoribus
1787 4283 1912 4352 encrate

263 4347 333 4418 apud
343 4349 457 4418 Gothos,
472 4361 499 4407 et
508 4353 604 4410 Gothis
617 4352 755 4420 scribenti,
766 4350 811 4421 qui
825 4347 935 4404 lorsitan
946 4355 975 4400 ut
1009 4358 1055 4398 rm·
1106 4348 1236 4422 colliqere.
1248 4349 1276 4405 Si
1299 4365 1364 4420 ergo
1378 4366 1410 4407 ea
1434 4359 1537 4406 tarrtom
1551 4367 1611 4422 qnae
1632 4353 1745 4408 meliora
1768 4354 1913 4408 censebat

263 4433 325 4474 carn
345 4421 463 4491 phrasim
488 4425 584 4480 melius
603 4422 738 4493 redderet,
753 4420 865 4481 rerbnrn
879 4431 895 4472 e
909 4414 1054 4473 rerboen·
1106 4419 1224 4488 collegit,
1239 4420 1305 4476 nibil
1319 4420 1390 4491 quod
1404 4420 1499 4476 laisum
1513 4436 1573 4478 esse
1587 4424 1735 4493 putauerit,
1757 4422 1914 4492 scripsisse

262 4489 343 4558 primi
356 4489 455 4548 debere
469 4494 615 4549 arbitratus
627 4503 678 4549 est.
1106 4489 1233 4545 dicendus
1247 4498 1297 4545 cst.

301 4556 446 4616 Utilissima
460 4576 525 4620 sane
544 4561 614 4620 loret
628 4563 750 4619 Rhenani
773 4575 866 4631 opera,
881 4557 903 4613 si
917 4550 1093 4627 quomuuoh
1142 4558 1241 4615 Fateor
1254 4560 1378 4631 equidem
1400 4560 1484 4616 multa
1507 4561 1576 4617 scitu
1603 4561 1756 4632 dignissima
1771 4562 1810 4618 ibi
1827 4577 1847 4617 a
1874 4564 1916 4619 nd

262 4625 405 4710 Epiphanii
427 4630 609 4697 Latinitatem,
625 4635 662 4689 ila
676 4633 843 4689 librariorum
858 4628 923 4709 uitia
936 4626 1054 4707 castiga·
1108 4627 1247 4710 Socratem
1263 4631 1365 4695 haberi,
1380 4646 1440 4702 quac
1453 4631 1602 4688 monachos
1615 4633 1787 4689 suosdocere
1802 4579 1912 4689 roffre-

263 4707 363 4767 nsset;
378 4710 484 4758 constat
507 4705 579 4759 enim
603 4704 686 4759 multa
707 4706 732 4758 in
745 4704 795 4758 hos
809 4701 892 4755 libros
913 4710 1054 4766 irrepsisse
1107 4709 1143 4754 ιιι
1152 4699 1379 4757 Cassiodorusht
1393 4701 1420 4757 id
1432 4717 1498 4758 sane
1512 4703 1614 4772 absque
1623 4704 1743 4758 veritatis
1756 4702 1914 4773 dispendio

263 4769 371 4835 menda,
386 4785 447 4841 quae
465 4774 554 4830 lucum
575 4772 676 4830 iaciunt
698 4772 855 4839 lectoribus,
869 4765 1054 4823 difficultates·
1107 4768 1187 4825 aliter
1199 4779 1326 4840 prestare
1340 4779 1457 4841 poterat,
1473 4772 1514 4827 nel
1529 4773 1632 4828 scilieet
1645 4774 1829 4843 pretermisso
1856 4773 1916 4829 So·

262 4853 318 4910 que
330 4855 384 4895 non
396 4842 515 4899 modicas
526 4845 660 4914 ingerunt.
677 4843 756 4898 Plura
770 4854 899 4898 conamur
910 4835 1055 4891 manuscri-

265 4916 374 4978 ptorum
383 4911 506 4968 codicum
518 4915 617 4970 anxilio
631 4912 778 4970 emendare
791 4929 798 4964 ε
813 4908 948 4963 latendum
964 4914 1054 4961 tamen

261 4978 369 5036 duobus
381 4983 515 5053 precipue
525 4985 551 5039 in
567 4985 689 5040 locisnns
699 4983 744 5038 diu
755 4980 921 5050 multumque
933 4976 1052 5057 basisse,

264 5048 337 5118 quod
349 5064 438 5116 operm
452 5054 567 5124 pretium
582 5062 622 5111 est
634 5054 728 5109 lectori
742 5051 825 5107 senrel
839 5063 871 5103 es
891 5046 983 5102 lucare.
997 5043 1054 5102 rn-

265 5133 325 5174 mus
337 5125 456 5178 oecurrit
467 5132 506 5179 tot
517 5125 682 5179 eruditorum
696 5066 922 5199 disputationigns
932 5115 1055 5173 celeber·

263 5190 348 5245 rimus
367 5188 412 5245 Tri
433 5193 519 5249 artitae
537 5194 612 5250 locus
624 5194 670 5249 lib.
682 5210 719 5254 rx.
736 5209 794 5262 cap.
810 5188 855 5251 58.
876 5188 920 5242 uln
944 5187 1002 5241 lanc
1016 5187 1055 5240 ie·

264 5260 374 5326 ginmsr
425 5266 512 5318 emani
526 5265 595 5319 enim
615 5273 667 5319 tres
690 5273 750 5318 onte
768 5260 872 5315 Pnsclra
899 5258 1057 5329 septintmros

258 5338 359 5396 >preter
376 5330 511 5388 sabbatam
522 5344 548 5389 et
559 5334 714 5389 dominicam
725 5333 771 5388 snb
782 5330 975 5385 continuatione
985 5326 1055 5397 jeiu-

265 5407 339 5478 nant.
354 5399 551 5475 Mannscriptus
577 5414 666 5477 antem
694 5407 779 5460 codex
794 5399 918 5473 iprensis
936 5406 1056 5451 etvetus

259 5467 348 5524 editio
362 5484 421 5540 quae.
433 5489 466 5528 ex
477 5475 536 5528 aliis
547 5475 685 5530 codicibus
700 5489 764 5528 mss.
781 5469 889 5545 prodiit,
913 5482 966 5525 nnn
992 5476 1052 5546 tres,

259 5536 313 5591 scd
333 5554 380 5594 ren
404 5542 577 5600 hebdomades
604 5544 713 5601 babent.
737 5542 835 5599 Verum
852 5555 885 5593 arr
898 5553 929 5592 ea
944 5538 1053 5590 leclroa

261 5608 343 5663 nobis
357 5608 518 5669 admittenda
531 5626 603 5671 esset
612 5616 741 5671 hactenns
755 5608 978 5669 addubitarirnus,
992 5621 1053 5686 curn

262 5691 378 5757 summm
408 5682 566 5740 eruditionis
592 5686 641 5740 viri
666 5685 766 5741 rrnllunr
795 5681 831 5735 ibi
855 5677 882 5732 in
910 5677 1053 5743 'tripartita

262 5747 392 5802 sarerrdum
407 5763 536 5820 arguant;
555 5754 656 5809 sedrel
674 5754 792 5810 Socratis
804 5762 906 5813 errore,
917 5746 960 5801 rei
970 5745 1054 5801 bisto-

295 5840 313 5860 ·‘
325 5834 403 5898 lianc
415 5842 542 5904 Notitiam
556 5848 649 5904 nullibi
665 5848 820 5918 reperimus.
838 5842 915 5901 Enrr.

1107 4848 1190 4906 crate,
1219 4848 1247 4894 ut
1260 4841 1323 4896 alibi
1348 4842 1456 4912 sepius,
1481 4841 1671 4907 aSoaomeuu,
1686 4842 1781 4911 quide
1805 4842 1912 4899 iisdem

1107 4909 1188 4965 rebus
1209 4910 1274 4978 agit,
1295 4926 1346 4968 nec
1365 4924 1453 4971 tannen
1468 4913 1503 4967 de
1515 4912 1643 4968 Romanis
1662 4913 1791 4982 loquitur,
1818 4916 1918 4971 verba

1108 4982 1272 5047 nrutnancl03
1284 4981 1326 5036 rel
1348 4982 1444 5037 saltem
1456 4981 1479 5037 si
1498 4981 1618 5039 Socratis
1639 4982 1731 5038 verbis
1752 4982 1790 5036 uti
1806 4984 1917 5051 vellet,

1107 5062 1139 5104 ea
1154 5050 1323 5119 paucissima,
1345 5053 1450 5120 qutcrle
1471 5051 1593 5107 Romano
1610 5050 1714 5122 je‘unio
1739 5051 1917 5120 innuuntur,

1106 5120 1186 5175 silere
1204 5129 1325 5191 poteram
1341 5121 1413 5191 qnod
1427 5129 1453 5176 ει
1468 5136 1530 5177 εειε
1545 5121 1609 5177 alibi
1631 5068 1740 5187 berse,
1754 5121 1797 5177 rel
1810 5136 1853 5177 ex
1878 5138 1919 5178 en

1107 5189 1177 5254 solo,
1192 5206 1272 5261 quem
1286 5190 1502 5247 mosalierenrus
1512 5191 1654 5248 Βειοειεεί
1665 5192 1735 5257 loco,
1750 5192 1918 5249 constabit.

1107 5258 1172 5327 Qum
1186 5276 1247 5315 curn
1262 5261 1298 5315 ita
1316 5263 1380 5327 siut,
1405 5277 1459 5317 non
1482 5272 1585 5317 temere
1598 5261 1688 5318 lorsan
1715 5263 1777 5332 quis
1803 5275 1920 5316 eornm

1107 5330 1289 5386 subscriberet
1302 5328 1433 5402 opinioni,
1447 5333 1493 5402 qui
1517 5341 1674 5402 corruptum
1697 5331 1779 5386 luisse
1792 5329 1923 5402 Tripar-

1109 5400 1163 5455 tite
1178 5401 1265 5456 loerrm
1280 5402 1496 5472 suspicabuntur.
1508 5400 1619 5457 Nostros
1630 5414 1719 5458 tamen
1729 5400 1923 5469 coniecturas

1109 5471 1207 5524 eruditi
1231 5472 1338 5526 lectoris
1358 5472 1459 5541 judicio
1491 5472 1675 5529 lubentissime
1703 5471 1921 5541 perrnlttimns;

1108 5540 1200 5620 sieque
1215 5557 1275 5621 eam
1290 5541 1441 5607 lectionem,
1457 5558 1516 5613 quae
1531 5555 1581 5596 tres
1605 5541 1778 5596 hebdomadas
1804 5540 1923 5606 hahet,

1108 5625 1135 5662 ιιι
1147 5626 1292 5678 rrrargnncnr
1304 5611 1456 5681 reiecinms,
1469 5628 1521 5667 non
1535 5621 1564 5666 ut
1574 5621 1713 5682 respuatur
1724 5628 1739 5665 a
1750 5626 1924 5681 quoquam,

1107 5678 1154 5800 mid
1169 5690 1268 5803 ιιιιιεεει
1282 5683 1403 5752 quisquis
1418 5683 1549 5739 seriorem
1562 5683 1716 5754 probaverit
1726 5687 1830 5753 sponte
1847 5697 1924 5739 aut·

1108 5764 1167 5818 pue
1181 5766 1194 5803 h
1211 5767 1250 5805 ul.
