4059 6184
153 324 214 383 tuit

680 324 839 382 tttstbttta
860 319 1077 378 Titit'tut'tt'it.
1099 318 1200 374 studit
1219 317 1271 372 tit.

1717 311 1785 365 lobs

149 441 207 495 urit.
224 442 376 513 Tyrannum
393 456 456 497 rcro
469 440 572 495 duabus
588 438 682 493 uicinis
696 436 837 491 arboribus
854 434 940 499 deris,
956 439 980 494 Α
994 431 1129 501 aliumque
1139 444 1187 499 prn
1201 445 1233 483 eo
1245 426 1406 483 Editootittm
1421 425 1529 483 nomine
1542 423 1668 480 iecissent
1682 423 1785 491 episco-

149 536 268 601 slngulos
283 536 310 591 iu
325 537 363 591 cis
380 537 460 604 pedes
475 536 534 605 eins
560 533 636 603 ligari
661 535 734 599 lecit,
750 546 809 601 quae
823 529 942 584 dimissae

116 629 122 635 '
149 641 239 682 serem
267 638 439 697 repetentes,
468 628 624 695 Procopium
651 618 810 680 diviserunt.
835 622 869 675 Et
893 622 944 675 inc

150 722 230 770 tmnlo
254 728 382 789 tyrattous
407 717 519 773 interiit.
546 719 699 782 Secusses,
716 715 761 769 tit.
777 729 821 780 tr,
837 729 894 781 cop.
914 710 942 777 5,

151 826 210 881 pop.
231 812 293 866 ΞΙό.

401 959 694 1033 appensorum.

155 1072 193 1127 lle
218 1074 308 1128 essitt'o
331 1074 414 1128 sancti
438 1068 542 1128 Eusebii
561 1073 724 1128 Samosatam·
749 1070 896 1139 pontificis,
920 1081 945 1124 et

187 1146 250 1213 quic
272 1149 336 1198 cloes
351 1148 418 1211 eius,
434 1160 521 1199 antor-e
534 1140 596 1212 fidei
609 1143 655 1197 olii
665 1144 783 1214 episcopo
798 1157 826 1195 se
838 1140 946 1195 subdue

188 1214 335 1268 uoluerunt.

189 1325 321 1382 Eusebius
338 1324 441 1380 interea
454 1325 645 1380 samosatenus
656 1325 799 1395 episcopus
814 1325 841 1379 iu
858 1324 945 1379 lbra-

154 1417 222 1471 ciam
235 1417 330 1472 exsilio
350 1417 521 1486 deportatus,
547 1416 704 1486 apostolicis
719 1415 855 1471 laboribus
868 1415 947 1471 desu-

154 1509 244 1564 dabat.
258 1509 281 1563 ls
293 1510 364 1563 euim
381 1509 477 1562 tnttltas
494 1507 627 1563 Ecclesiae
640 1507 776 1564 desolatas
797 1507 947 1577 pastoribus

155 1616 215 1654 esso
229 1599 409 1668 conspiciens,
424 1599 514 1654 ltabitu
529 1598 637 1655 militari
650 1609 766 1669 sumpto,
781 1608 809 1654 et
818 1600 947 1679 calamato

154 1700 234 1758 capnt
256 1692 396 1760 operiens,
422 1690 526 1761 Syriatu
548 1689 722 1760 peragrabat,
749 1689 946 1754 ethoeuiceu,

994 536 1067 591 pnm,
1086 522 1174 575 nuilus
1190 519 1244 574 illic
1256 517 1454 581 habitantium,
1476 533 1529 572 ooo
1552 528 1663 586 pauper,
1677 530 1730 568 nou
1743 512 1783 568 di-

995 626 1053 677 ees,
1068 627 1119 664 non
1146 610 1276 676 latumias,
1298 622 1352 663 nou
1367 605 1479 676 opilea,
1506 622 1558 661 troo
1582 603 1711 676 agricola,
1732 617 1806 658 uon·

994 702 1164 765 hortulanus,
1182 715 1234 756 oon
1251 699 1301 766 tir,
1316 712 1368 753 uno
1389 699 1496 764 mulier,
1519 713 1571 754 non
1583 696 1711 770 persenis,
1733 708 1785 750 nott

993 810 1086 861 senes,
1100 795 1132 848 ad
1147 794 1357 850 ecclesiasticum
1366 793 1478 848 accessit
1492 800 1618 848 consuete
1632 789 1787 861 collegium,

994 887 1249 956 solusque‘degebat
1268 884 1419 955 episcopus,
1434 894 1496 940 tone
1521 884 1596 939 nullo
1617 898 1679 939 eum
1700 896 1787 953 neque

994 976 1111 1042 videsue,
1129 990 1216 1047 neque
1234 977 1340 1046 penitus
1356 976 1521 1045 appellante,
1538 974 1600 1030 licet
1612 974 1785 1029 teratmenm

996 1070 1079 1123 umlta
1094 1069 1194 1123 risisse
1208 1066 1433 1122 utausuetu'dioe:
1450 1065 1527 1136 cujas
1542 1065 1580 1121 rei
1596 1066 1647 1121 boc
1659 1062 1787 1133 probatur

996 1158 1136 1213 indicium.
1156 1157 1224 1211 Cum
1248 1158 1320 1211 enirn
1332 1156 1462 1212 valuisset
1475 1154 1570 1220 lauari,
1586 1165 1611 1211 et
1627 1154 1685 1222 ejus
1696 1152 1787 1208 [amuli

997 1246 1084 1303 balnei
1096 1245 1193 1316 jannuus
1213 1246 1397 1311 obserassent,
1414 1246 1591 1317 volentesque
1607 1243 1708 1313 ingredi
1724 1257 1786 1311 pro-

998 1336 1138 1402 hibereut;
1156 1336 1212 1406 ipse
1226 1336 1532 1407 populumantejauoas
1544 1334 1649 1402 ridens,
1664 1348 1711 1390 eas
1724 1346 1788 1403 ape·

998 1430 1044 1485 riri
1057 1429 1196 1501 precepit,
1208 1439 1236 1485 et
1246 1429 1361 1485 libenter
1374 1444 1468 1484 secum
1482 1441 1576 1483 omnes
1587 1427 1696 1482 lauacro
1707 1426 1788 1496 parti·

998 1522 1094 1590 cipati.
1110 1521 1167 1576 Hoc
1191 1521 1262 1575 idem
1284 1521 1407 1577 etamitt
1431 1519 1518 1587 balnei
1533 1518 1602 1574 solio
1626 1515 1697 1572 lecit.
1721 1515 1787 1572 Nara

998 1628 1060 1671 cum
1075 1613 1173 1668 lavanti
1198 1612 1248 1667 sibi
1260 1614 1390 1683 quosdam
1405 1610 1509 1667 rideret
1533 1623 1644 1675 astare,
1666 1609 1748 1680 iussit
1760 1617 1788 1664 ut

999 1721 1060 1761 cum
1075 1706 1133 1776 ipso
1147 1705 1327 1762 communiter
1339 1717 1407 1774 aqua
1427 1702 1511 1759 calida
1525 1701 1677 1757 tenerentur
1690 1700 1734 1770 qui
1751 1709 1787 1754 ta·

155 1780 255 1848 pariter
276 1788 304 1836 et
325 1778 512 1844 Palaestinam,
539 1778 709 1849 presbyteros
723 1780 849 1836 ordinans
870 1789 949 1850 atque
965 1794 1092 1854 1300„qu
1104 1797 1237 1853 πρωί,
1258 1796 1292 1851 ,qq
1305 1794 1351 1851 qu
1374 1794 1485 1850 pppppqg
1504 1807 1584 1850 pausa
1607 1794 1657 1848 pop
1671 1791 1727 1847 ἢθη
1743 1806 1787 1861 pp.

155 1871 302 1940 diacuuos,
324 1873 428 1944 aliaque
451 1872 579 1928 Ecclesim
602 1874 722 1943 replebat
744 1873 841 1929 ollrcia.
857 1874 947 1931 Sicubi

155 1976 245 2022 autem
269 1969 401 2025 inveniret
413 1971 465 2024 sibi
488 1970 635 2025 concordes
650 1969 800 2041 episcopos,
818 1985 866 2026 eos
881 1986 949 2041 prae·

156 2058 230 2114 soles
243 2060 383 2129 egentibus
397 2061 577 2116 constituebat
588 2060 724 2117 Ecclesiis.
739 2063 870 2131 Quantam
884 2078 949 2118 uero

137 2150 340 2205 >tristitudinem
367 2154 580 2223 sapientiamque
604 2156 761 2210 monstrarit
783 2132 948 2224 imperialem

157 2242 304 2310 suscipiens
316 2242 463 2312 jussionem
489 2260 540 2313 qua
554 2258 614 2298 eum
630 2243 802 2314 precipiebat
820 2245 846 2298 in
863 2244 949 2300 Tiora·

156 2332 208 2387 ciis
223 2333 351 2398 babitare,
378 2336 558 2391 necessarium
573 2334 691 2389 arbitror
706 2335 855 2389 nescientes
869 2349 949 2404 agno·

159 2437 244 2478 scere.
256 2423 374 2479 Venerat
387 2428 458 2479 enim
473 2426 580 2494 garrulus
591 2423 671 2494 liujus
683 2425 868 2494 preceptionis
879 2425 951 2480 circa

159 2527 313 2581 respersum
338 2530 417 2584 quem
434 2515 563 2569 Eusebius
582 2514 717 2570 silentium
733 2515 842 2583 babere,
857 2524 885 2570 et
904 2517 952 2571 ad·

162 2612 270 2659 notum
285 2611 325 2659 sui
345 2606 434 2660 celare
444 2600 535 2676 jussit,
550 2607 664 2662 dicetis:
679 2606 708 2663 st
722 2608 877 2679 cognouerit
895 2612 953 2665 bec

160 2697 248 2760 turbo,
265 2699 334 2752 sacri
349 2698 399 2752 zeli
411 2713 503 2752 amore
525 2698 671 2768 flammata,
698 2700 845 2770 tequidem
861 2700 953 2756 interi·

118 2860 121 2865 Ι
160 2797 232 2850 met;
252 2800 302 2855 ego
328 2798 416 2841 autem
442 2802 491 2855 pro
512 2798 554 2843 tua
573 2797 660 2843 morte
681 2790 751 2859 apud
765 2789 848 2845 Deum
859 2806 952 2861 pceuas

160 2875 399 2941 erogarensolrere.
423 2876 490 2931 tium
512 2876 569 2931 ltrec
580 2876 701 2943 dixisset,
718 2883 870 2949 vespertino
888 2896 954 2938 coo·

160 2978 238 3021 sueto
254 2967 402 3022 rttinisterio
415 2968 561 3034 celebrato,
577 2969 649 3024 circa
662 2971 719 3038 ipsa
733 2971 821 3026 somni
836 2972 952 3041 primor-

161 3062 204 3113 dm
219 3061 263 3114 ttrti
279 3058 439 3117 lentulorum
451 3071 585 3116 secretum
599 3062 728 3132 pandens,
744 3064 818 3120 solus
830 3080 953 3135 egressus

161 3163 321 3206 cstseoes:
348 3156 510 3221 sequebatur
534 3152 770 3223 itaqueiamulus,
792 3155 1054 3225 plumaciumctris
1085 3164 1276 3232 porrigentes,
1301 3161 1360 3216 lusu
1389 3160 1601 3217 delectabantur.
1630 3160 1683 3215 lsto
1707 3170 1795 3216 autent

163 3245 350 3300 tnnrmunndo
361 3253 386 3298 et
398 3245 517 3301 codicem
537 3262 643 3317 gerens.
657 3246 778 3318 Cetoque
789 3251 906 3305 venisset
920 3252 954 3305 ad

164 3336 307 3403 inplicatis
321 3334 439 3391 dontiuis
451 3338 545 3405 ripam,
560 3340 634 3406 itrxla
649 3338 722 3407 ipsos
735 3353 826 3393 muros
840 3341 954 3395 ciuitatis

164 3449 170 3478 i
183 3428 324 3496 spuicam,
340 3430 461 3483 ascendit
473 3430 498 3483 iu
510 3445 616 3494 navem,
633 3440 661 3484 ut
672 3430 705 3485 ad
720 3430 835 3501 Zeugma
848 3432 956 3503 nariga-

165 3528 222 3581 r-·t;
243 3517 375 3588 jussitque
398 3521 486 3574 nautis
503 3532 534 3573 ut
560 3522 740 3590 remigarent,
764 3521 889 3592 laetoque
911 3521 955 3580 die

165 3610 173 3665 i
188 3618 209 3661 'n
222 3614 328 3678 qtudcut
350 3612 469 3680 peruenit
483 3612 516 3667 ad
530 3611 682 3683 Zengruatls
695 3614 794 3668 locutu.
809 3614 956 3669 Santosata·

168 3720 232 3757 teto
246 3720 269 3771 g=
281 3704 390 3757 rutilius
405 3714 433 3758 et
446 3704 635 3758 inurent-atione
659 3704 783 3773 eonrptn
803 3715 875 3760 suut.
889 3704 955 3761 Nam

166 3811 225 3849 ‹um
241 3796 284 3850 ite
299 3811 393 3849 sertus
406 3797 462 3850 suis
473 3796 602 3865 proximis
613 3814 672 3865 qun
682 3798 756 3867 jussa
768 3797 874 3854 lucrant
888 3801 957 3854 iodi-

166 3896 263 3952 αις-α,
278 3896 306 3942 et
320 3888 364 3957 qui
379 3903 439 3943 cum
455 3905 487 3942 en
499 3899 650 3958 pergerent,
668 3901 694 3943 et
707 3905 775 3958 quos
788 3890 895 3946 codices
909 3894 957 3945 dc·

167 3980 281 4045 tulisset,
297 3968 505 4048 ingemiscebant
520 3980 650 4046 uttitersi,
666 3994 772 4049 pastore
786 3982 889 4037 scilieet
903 3985 956 4051 pri·

168 4073 239 4138 rati;
263 4073 410 4142 duriusque
427 4064 611 4143 nauigantibus
623 4086 702 4144 atque
723 4079 896 4147 sequentibus
916 4091 958 4135 est

166 4165 302 4230 inpletus.
316 4165 436 4233 Cumque
460 4165 606 4229 reuisseut,
623 4174 651 4220 et
665 4166 844 4223 desideratum
868 4180 958 4238 pasto·

167 4272 224 4310 rein
239 4266 393 4327 cet-nerent,
419 4256 533 4324 amplius
552 4255 712 4325 ejulabant:
728 4273 760 4314 ac
782 4262 955 4330 suspirantes,

167 4347 360 4418 lattdcoresqne
375 4347 552 4419 tacryrnarnm
569 4334 666 4413 lotttca,
683 4365 743 4404 eum
758 4352 877 4408 retinere
889 4354 958 4408 uite·

168 4440 273 4504 lrntttur,
292 4455 325 4494 ne
336 4444 361 4493 in
378 4440 524 4509 lnposot·es
536 4440 594 4509 ejus
608 4441 785 4496 incurrerent.
799 4446 882 4512 Quem
893 4444 955 4499 dum

1001 1898 1072 1955 tatis,
1088 1887 1216 1943 velociter
1230 1886 1393 1951 ascendens,
1410 1898 1534 1955 egressus
1546 1893 1598 1939 est.
1615 1881 1655 1937 llli
1667 1897 1730 1935 tero
1744 1896 1786 1949 ne·

1000 1970 1789 2051 quissimaeberesisimmunditia,etiamaquamjudicantes

1000 2085 1061 2127 esse
1073 2071 1213 2141 pollutam,
1223 2082 1282 2126 eant
1294 2074 1404 2137 repente
1416 2065 1600 2121 cuniculorum
1611 2062 1789 2133 egestionibus

1000 2163 1179 2225 tradiderunt,
1203 2160 1357 2217 stulterum
1379 2158 1502 2215 lecerunt
1515 2156 1613 2213 solium
1634 2154 1789 2222 temperari.

1002 2253 1080 2321 Quod
1101 2254 1146 2309 ille
1158 2266 1324 2323 cognosceus
1338 2292 1346 2317 ,
1368 2249 1461 2306 relicta
1473 2248 1580 2321 ciuitate
1593 2245 1726 2312 discessit,
1742 2246 1789 2299 ini·

1002 2345 1099 2398 micam
1123 2342 1245 2398 babitare
1264 2341 1424 2405 ciuitatem,
1450 2350 1477 2395 et
1490 2338 1630 2394 borrorent
1651 2336 1793 2391 ltabeutetn

1001 2435 1143 2490 adversum
1168 2448 1199 2491 se
1216 2448 1407 2500 communem,
1439 2431 1584 2487 arbitratus
1604 2430 1794 2500 opprobrium.

1001 2527 1061 2596 Quo
1078 2528 1113 2583 de
1127 2526 1275 2582 Sartrosatis
1299 2527 1436 2592 abeunte,
1460 2524 1571 2580 Lucium
1587 2537 1635 2593 pro
1648 2537 1681 2578 eo
1701 2531 1796 2591 aperte

1002 2622 1093 2693 lupum
1114 2630 1142 2677 et
1154 2620 1251 2698 oribus
1269 2620 1405 2675 inimicum
1424 2621 1631 2675 constituerunt.
1648 2615 1700 2674 Sed
1716 2629 1791 2677 ores,

1003 2715 1067 2771 lieet
1079 2713 1207 2770 desolatae
1218 2722 1342 2784 pastore,
1356 2723 1444 2768 tamen
1460 2724 1520 2783 quae
1529 2720 1591 2765 suut
1602 2708 1717 2780 pastoris
1730 2721 1791 2775 ope

1003 2806 1141 2861 rabuntur.
1154 2804 1364 2859 Permanserout
1374 2802 1445 2858 euim
1456 2801 1606 2859 doctrinam
1619 2800 1792 2870 apostolicam

1003 2893 1193 2949 inviolabiliter
1221 2896 1425 2948 conseriautes.
1453 2890 1593 2959 Quomodo
1619 2890 1690 2945 enim
1714 2893 1793 2946 etiam

1004 2983 1114 3039 anium
1139 2997 1235 3038 ornnes
1259 2981 1400 3036 habuerint
1427 2979 1501 3048 odio,
1516 2978 1578 3036 aliis
1599 2980 1795 3035 narrationibus

1004 3072 1166 3141 explanabo.
1183 3072 1376 3127 adolescentes
1399 3071 1426 3126 in
1442 3070 1530 3142 platea
1544 3070 1678 3140 spheram
1693 3068 1795 3123 alteru·

1006 3262 1173 3318 transeunte,
1190 3252 1301 3320 contigit
1314 3259 1343 3305 ut
1358 3252 1464 3321 spirare
1474 3250 1584 3317 cadens,
1600 3249 1725 3320 perusini
1738 3249 1795 3320 eius

1006 3350 1135 3403 transiret
1150 3347 1232 3414 pedes
1247 3361 1257 3401 z
1273 3358 1328 3401 tutu
1341 3346 1416 3414 pueri
1432 3345 1605 3405 veliementer
1618 3338 1794 3415 ejulaverunt,

1005 3437 1127 3493 arbitrati
1143 3437 1277 3506 spheram
1290 3435 1439 3506 pollutione
1452 3437 1623 3506 completam.
1638 3437 1674 3491 tt
1687 3435 1732 3491 ille
1746 3435 1796 3490 ltoc

1005 3528 1169 3599 intelligens,
1182 3527 1262 3597 lussit
1273 3526 1357 3583 alicui
1373 3528 1544 3596 sequentium
1558 3535 1588 3582 ut
1600 3527 1754 3589 sustineret,
1770 3537 1797 3582 et

1006 3624 1079 3696 quod
1101 3625 1246 3695 gerebatur
1260 3628 1429 3693 agnosceret.
1445 3619 1524 3675 Pueri
1546 3632 1610 3676 reto
1621 3619 1797 3675 accendentes

1006 3717 1107 3784 ignem,
1120 3712 1455 3784 suspirarem·1acutantes
1467 3724 1515 3782 per
1524 3708 1638 3765 mediant
1650 3709 1796 3777 dammam,

1008 3808 1060 3861 linc
1072 3806 1152 3860 ruodo
1168 3820 1228 3860 earn
1244 3800 1366 3858 arbitrati
1378 3810 1441 3858 suut
1453 3801 1599 3871 expiatam.
1625 3801 1660 3855 lit
1673 3799 1725 3855 boc
1740 3801 1798 3870 qni·

1007 3897 1068 3953 dem
1086 3896 1148 3951 novi
1162 3908 1222 3950 esse
1235 3894 1353 3963 irruentis
1363 3900 1391 3949 et
1411 3889 1742 3962 eonsuetndtntsantiqua
1756 3906 1801 3949 res

1006 3987 1115 4057 liquias.
1128 3982 1320 4040 Verumtamen
1330 3982 1458 4039 indicium
1474 3989 1515 4038 est
1529 3982 1599 4054 quod
1615 3983 1698 4051 possit
1709 3990 1798 4038 osteu-

1007 4079 1073 4135 dere
1096 4079 1174 4149 quale
1188 4076 1278 4133 odium
1302 4077 1372 4132 circa
1395 4076 1522 4131 drianaot
1547 4077 1685 4130 vesaniant
1706 4075 1802 4137 civitas

1009 4169 1133 4225 babuerit
1148 4170 1284 4223 uttirrrsn.
1302 4168 1399 4222 Verum
1414 4167 1513 4222 Luscius
1525 4168 1731 4222 trrausoetudiuc
1746 4182 1801 4225 nott

1008 4271 1050 4314 est
1071 4258 1189 4313 inritatus
1215 4259 1394 4323 Euttnmiutu';
1410 4258 1458 4313 sed
1475 4261 1573 4313 ruditus
1588 4256 1696 4326 quidem
1711 4270 1799 4311 sacer·

1008 4352 1099 4405 dottnn
1115 4352 1178 4406 iecit
1201 4349 1362 4421 perjudiees
1377 4347 1472 4405 exsilio
1495 4349 1642 4419 deportari,
1665 4364 1712 4404 eos
1732 4365 1798 4417 pra·-

1009 4444 1086 4513 eipue
1097 4443 1141 4511 qui
1153 4442 1267 4496 viriliter
1282 4456 1331 4510 pro
1344 4442 1429 4495 sacris
1442 4440 1611 4511 dogmatibus
1625 4439 1798 4505 dimicabant,

167 4530 275 4585 ilectere
291 4546 343 4585 nou
361 4534 517 4599 enituissent,
533 4533 675 4587 andierunt
688 4549 721 4587 eo
734 4535 836 4603 legente
849 4546 955 4605 aposto·
969 4524 996 4587 D
1008 4548 1092 4602 usque
1104 4532 1137 4586 ad
1150 4533 1308 4585 iustissimos
1319 4530 1430 4585 Romani
1445 4531 1512 4585 dues
1525 4530 1644 4600 imperii;
1660 4530 1799 4586 Erolciuut

166 4624 687 4699 tirumtegern(unsinmqipqureaperte
702 4626 779 4697 jubet
791 4644 839 4683 nos
854 4630 956 4699 princi·

167 4714 245 4781 pibus
259 4724 285 4769 at
299 4715 472 4782 potestatibus
485 4731 546 4772 esse
570 4716 716 4787 subjectos.
731 4722 790 4786 Qum
809 4718 895 4791 iacto,
911 4724 955 4777 alii

89 4846 92 4853 .
166 4793 953 4878 qnideut'eiobtuleruutaurnm,aliiargentum,aiiit·estes,

166 4898 208 4947 aiii
225 4895 359 4960 iattrolos,
386 4907 510 4967 umquam
524 4900 556 4951 atl
579 4899 744 4968 peregrinam
760 4909 788 4954 et
800 4909 954 4957 extenuem

167 4986 319 5056 properanti
330 4996 440 5043 terram.
453 4993 488 5042 dt
501 4989 546 5044 ille
558 5004 641 5056 pauca
653 4990 775 5057 quadan·
788 5008 801 5043 a
818 4993 895 5046 valde
906 5009 955 5045 un·

166 5092 200 5132 ts
214 5078 358 5149 accipiens,
370 5079 553 5148 docariuisque
566 5088 677 5135 currctos
687 5090 714 5135 et
723 5081 890 5137 orationibus
903 5083 958 5138 suis

166 5186 286 5235 arnnarm,
302 5182 392 5239 etprc
403 5172 557 5239 apostolicis
572 5171 742 5241 dogmatibus
752 5184 871 5241 pugnare
889 5188 958 5242 prse-

165 5264 276 5329 nplets,
291 5264 323 5318 ad
336 5263 452 5318 lbstrum
465 5262 600 5333 proiectus
610 5273 662 5319 est.
679 5262 719 5317 llii
739 5278 803 5318 uero
817 5263 850 5317 ad
866 5263 958 5320 orbem

167 5358 302 5426 qrnpriam
324 5365 495 5423 remeantes,
518 5364 545 5411 et
559 5352 705 5411 alterutros
718 5356 901 5422 exhortantes,
918 5358 960 5413 lu·

166 5464 260 5516 prum
294 5449 544 5518 circumspiciebant
568 5452 705 5520 sapienter
732 5450 854 5506 insidias.
883 5450 959 5505 Nunc

165 5554 272 5611 spiraque
287 5542 436 5597 narrandus
455 5551 498 5598 est
512 5544 605 5597 borum
630 5542 690 5599 ildei
702 5543 777 5599 calor
797 5553 825 5600 et
846 5546 957 5614 puritas.

167 5632 234 5685 luto
248 5630 320 5687 enlm
337 5648 380 5688 nte
402 5633 570 5703 delinquere,
586 5634 637 5689 uisi
654 5650 700 5704 per
715 5635 784 5689 itanc
800 5635 957 5691 relationem

165 5718 202 5777 illt
216 5739 323 5793 semper
345 5725 532 5780 memorabiles
553 5725 792 5783 submittendum
808 5743 872 5796 ergo
884 5728 959 5780 dria·

168 5832 262 5872 cittium
277 5817 419 5889 participes
434 5819 541 5889 egregio
559 5828 667 5890 pastore
682 5821 827 5878 nudassent
841 5836 959 5897 gregem,

1008 4622 1123 4678 darconli
1145 4621 1294 4678 minister-lo
1306 4624 1469 4677 iunctutu'in
1489 4634 1609 4677 eremum
1622 4624 1729 4689 basim;
1743 4620 1799 4676 dn-

1009 4716 1125 4771 tiocbttut
1140 4730 1205 4769 reru
1218 4713 1325 4771 Etrsebii
1339 4702 1447 4769 maslmi
1458 4714 1631 4785 generatione
1643 4713 1799 4770 decoratum

1008 4810 1080 4881 (crat
1103 4810 1173 4864 enirn
1188 4808 1367 4863 cotrsobrinus
1394 4807 1464 4878 ejus)
1491 4819 1518 4863 et
1542 4807 1637 4863 utnltls
1659 4806 1800 4862 uirtutibus

1009 4908 1214 4964 ttoruscantem,
1239 4910 1289 4953 nec
1304 4914 1357 4953 ttnn
1380 4898 1526 4953 sacerdotii
1539 4894 1670 4969 dlgnltato
1693 4898 1800 4965 iulgcu-
1850 4919 1864 4935 κ

1009 5001 1074 5056 tem,
1100 4991 1127 5045 in
1142 4988 1277 5044 mmontae
1300 4988 1431 5043 tbrrtliuos
1451 4988 1580 5044 destinari
1602 4989 1702 5053 suasit;
1724 4986 1800 5053 cujus

1009 5096 1090 5149 opera
1109 5086 1163 5151 prn'
1177 5078 1276 5136 divinis
1291 5079 1462 5149 dngtttatlbtta
1485 5078 1697 5148 celebrataque
1710 5079 1800 5147 espla-

1010 5190 1075 5228 nnre
1086 5170 1221 5228 suillciatl
1234 5169 1301 5226 Cum
1315 5170 1407 5240 itaqua
1420 5170 1461 5224 tir
1474 5178 1582 5226 sauctus
1597 5166 1730 5225 Eusebius
1740 5176 1801 5238 post
1881 5224 1884 5229 ⁴

1010 5264 1092 5318 nrulta
1106 5260 1254 5318 certamina
1269 5261 1436 5329 virtutesque
1450 5260 1568 5325 multus,
1594 5259 1801 5329 innumerasque

1011 5355 1036 5408 ri
1054 5352 1229 5409 toriasetlam
1252 5352 1517 5421 coronamnrlrtprtl
1532 5352 1710 5422 suscepisset,
1737 5366 1800 5407 eou-

1011 5445 1084 5502 renit
1108 5444 1225 5502 solemni
1240 5443 1322 5499 modo
1346 5443 1493 5515 provincie
1519 5444 1640 5519 synodus
1663 5445 1800 5514 peteteret

1010 5539 1138 5595 lucianus
1153 5540 1280 5610 Pergerlse
1292 5536 1364 5611 [rna.
1383 5535 1519 5611 Perseum]
1541 5550 1605 5595 tunc
1617 5538 1735 5594 ciuitatis
1747 5538 1800 5607 epi·

1012 5646 1127 5701 scopus,
1152 5632 1198 5703 qni
1214 5646 1299 5700 pauco
1321 5643 1443 5702 tempore
1459 5634 1618 5688 atrianorum
1631 5630 1718 5686 iuerat
1730 5646 1800 5685 cotu-

1013 5728 1140 5781 runnioue
1166 5724 1325 5779 maculatos.
1352 5720 1473 5793 Cuutqne
1499 5726 1615 5781 uniuersi
1642 5723 1806 5779 Antitrcbtun

1012 5817 1168 5890 elegissent,
1181 5817 1315 5874 aruucnlo
1331 5820 1440 5891 proprio
1457 5834 1654 5891 successorem,
1672 5819 1745 5876 etad
1760 5833 1806 5872 sa·
