4059 6184
298 313 353 373 115
859 321 895 378 11.
917 319 1089 379 ,111111111ὓὸ
1108 318 1349 379 ussatobouus.
1873 326 1927 385 111

294 438 410 507 denique
420 438 517 509 scripta
530 438 588 504 eius
599 439 699 504 omnia,
711 440 807 511 quibus
817 448 846 496 et
856 441 968 495 hrianos
979 447 1006 493 et
1016 438 1083 495 alios
1097 442 1120 502 Α
1135 452 1205 491 cesse
1219 446 1259 491 est
1279 446 1325 490 nut
1344 437 1454 503 mutium
1469 441 1602 507 ptitritueiu
1634 453 1750 507 uoueret,
1776 453 1821 497 niu
1837 446 1926 500 odium

293 522 468 578 cuiuscunque
483 507 601 566 ltutditus
617 510 731 566 ‹lestruit
755 511 905 575 luereticos,
930 510 1082 564 lirinissime
1135 507 1179 562 lou
1198 497 1410 586 ecotrtendones
1423 513 1598 579 exasperent(
1615 458 1669 566 du.
1686 530 1704 575 ι,
1720 531 1762 580 cp.
1777 513 1816 575 ist.

294 587 426 633 astruunt.
439 578 539 634 [binde
554 578 616 634 illud
636 578 670 633 dc
689 579 812 636 Odoacre
833 580 971 636 meruerim
992 579 1084 649 prout-
1171 524 1267 647 14111.
1288 576 1356 640 11111
1366 592 1497 633 reuocatus
1511 579 1679 636 Cassiodorus
1697 584 1766 653 npud
1783 583 1926 640 iheodori·

295 657 351 702 tum
364 657 405 703 est
420 646 529 716 (listron.
546 667 590 704 nte.
606 647 683 719 tiu),
696 648 806 705 Nttllum
817 653 914 720 fuctum
927 650 1084 719 11111111-

295 719 358 771 tium
372 716 446 772 rebus
459 720 552 781 sacris,
567 720 754 792 punnttuuh'het
767 722 878 775 drinuus
898 729 975 775 esset.
993 717 1084 774 Euno-

292 786 352 841 dius
365 802 430 842 vero
445 788 576 845 diaconus
589 807 595 843 ε
608 788 693 843 linita
706 789 847 860 petentibus
858 791 984 860 episcopis
997 789 1085 844 ortho-

292 856 369 911 doxis
395 859 511 912 enuidens
537 859 622 930 princi
639 876 680 913 etis
706 860 844 914 indulsisse
876 864 1080 915 costrntetnorat.

293 925 423 982 {leserunt
432 930 514 982 etiam
531 877 649 983 nonttrdli
663 928 737 991 1111.
749 945 793 984 uu.
808 926 872 993 tuat
884 927 1082 984 'theodoricum

293 994 420 1052 llomnnte
442 995 566 1053 Ecclesiae
586 1000 764 1053 erectoritntens
786 1000 923 1054 reueritutu
945 1015 1017 1067 csse,
1039 999 1083 1069 qrti

1134 662 1193 700 rum
1211 646 1300 716 eperit.
1317 645 1431 717 Expleta
1450 664 1541 704 antino
1553 651 1720 720 stragistratu,
1735 653 1925 710 Cassiodorum

1134 716 1206 785 apud
1219 731 1250 771 se
1263 726 1374 773 revocat
1397 716 1589 785 Theudoricus,
1604 729 1633 775 ut
1653 722 1676 776 si
1699 738 1760 791 qttu
1780 722 1878 779 litterae
1890 724 1925 778 ad

1133 798 1212 854 reges
1226 794 1254 841 et
1274 787 1420 857 principes,
1434 797 1480 843 aut
1498 789 1640 858 prinrarios
1658 792 1735 860 regni
1750 791 1926 849 administros

1133 864 1225 910 essem
1237 856 1398 920 scribendam
1411 858 1433 911 si
1448 859 1610 930 panegyrico
1632 876 1759 918 servarene
1773 863 1924 933 excipiendi

1132 938 1211 994 reges
1225 935 1273 981 aut
1290 927 1429 995 reginald
1445 928 1548 985 curiam
1562 929 1594 984 ad
1616 930 1761 1001 principem
1777 932 1923 994 aleuntes:

1132 993 1250 1064 deniquo
1260 995 1286 1051 in
1296 997 1462 1065 gravissimis
1481 998 1646 1068 quibuslibet
1657 1002 1773 1071 ucgotiis
1788 1001 1846 1071 citis
1859 1017 1924 1071 ope

293 1067 359 1120 uuili
373 1069 422 1138 istit
435 1067 506 1123 illius
526 1068 594 1123 sedis
610 1070 729 1140 episcopo
747 1069 929 1137 impedimento
947 1069 1009 1138 quiet
1031 1067 1084 1139 ple·
1132 1078 1172 1128 ra,
1188 1066 1301 1122 oonsdm
1314 1074 1342 1122 et
1355 1066 1510 1137 eloquentia
1525 1077 1659 1136 uteretur;
1683 1080 1712 1126 ut
1725 1071 1807 1127 ctiam
1821 1071 1925 1128 athicos

293 1138 402 1190 pissimo
423 1139 575 1194 auctoritate
596 1148 687 1193 ctttrctn
710 1155 767 1207 que
788 1145 872 1193 essem
888 1139 993 1210 intritum.
1011 1138 1082 1193 sedis
1133 1148 1194 1188 cum
1215 1150 1249 1190 eo
1263 1152 1317 1193 uon
1337 1136 1426 1192 prinus
1441 1138 1499 1192 utili
1521 1152 1602 1207 quam
1616 1147 1694 1206 grato
1714 1141 1851 1210 colloquio
1862 1141 1926 1198 1111·

291 1206 440 1276 apostolice
453 1219 593 1263 exerceret.
609 1209 761 1275 Quinetiam
780 1210 855 1277 regini
876 1207 1007 1279 principia
1026 1223 1081 1262 tion
1132 1219 1195 1259 cere
1208 1205 1342 1261 interdum
1356 1221 1495 1262 sermones
1507 1217 1607 1277 posset.
1624 1209 1709 1275 Quam
1723 1211 1794 1277 regis
1809 1211 1925 1266 [amilia-

288 1275 377 1331 solum
402 1276 614 1334 ortlmtloanrnur
641 1279 784 1333 uexatione
806 1293 859 1332 avon
884 1276 1009 1345 lmdavit,
1034 1276 1082 1332 sed
1132 1274 1240 1329 ritatem
1262 1275 1455 1332 cornmcndaus
1479 1278 1648 1334 Athalaricus
1675 1297 1682 1332 ε
1710 1279 1811 1352 Egisti,
1837 1281 1925 1350 inquit

289 1344 372 1401 etiam
387 1346 512 1407 onustibus
524 1362 571 1403 eos
584 1357 742 1419 prosecutus
765 1356 807 1404 est
830 1346 939 1413 oldciis;
961 1361 1082 1416 eousque
1133 1342 1203 1413 (utu.
1218 1360 1255 1407 ts,
1268 1361 1309 1416 ep.
1324 1346 1389 1417 11),
1406 1363 1492 1402 rerum
1506 1345 1618 1403 Domitio
1626 1349 1739 1420 iudicem
1746 1351 1923 1474 ⁴(emilianus,

289 1424 321 1470 ιιι
335 1417 432 1470 iratum
446 1432 508 1472 eum
522 1419 690 1488 experiretur
702 1418 825 1488 quisquis
837 1418 902 1487 regii
915 1417 1014 1473 laveris
1027 1433 1083 1472 atu·
1131 1423 1157 1467 et
1182 1416 1311 1469 internum
1323 1432 1464 1485 procerem.
1485 1416 1551 1483 Quis
1563 1418 1657 1474 credat
1669 1418 1745 1475 Theo
1764 1420 1868 1475 oricum
1881 1436 1925 1475 ar·

289 1487 388 1540 bituad
400 1495 490 1557 partes
501 1489 627 1543 transiret
635 1488 763 1555 hrianas;
777 1488 855 1557 eujtts
864 1489 904 1544 rei
915 1487 1080 1557 exuttplum,
1131 1498 1238 1538 morum
1252 1485 1336 1551 gloria
1351 1501 1432 1555 quam
1453 1487 1604 1543 litterarum
1618 1488 1708 1544 studio
1719 1489 1871 1553 clariorem,
1883 1506 1925 1547 re·

291 1556 395 1611 'Lunara
408 1566 436 1611 ct
449 1556 570 1613 Cedrcno
583 1558 770 1624 referentibus,
786 1559 916 1614 hahemus
930 1557 1083 1612 luculentis·
1132 1551 1184 1607 bus
1207 1569 1294 1623 nuper
1316 1556 1409 1627 adepti
1432 1556 1508 1625 regni
1533 1558 1726 1627 componendis
1751 1560 1922 1630 impeditum,

288 1629 397 1680 simum.
420 1625 530 1684 delicus
551 1627 659 1697 quidam
683 1627 853 1684 directiorico
877 1628 1045 1697 gratissimus
1065 1642 1080 1681 a
1131 1623 1237 1678 erudita
1250 1621 1403 1681 Cassiodori
1415 1624 1539 1682 lacurtdia
1555 1634 1608 1682 um
1623 1628 1782 1684 utirubilitcr
1795 1628 1927 1686 allectum

289 1704 365 1752 vecta
381 1696 432 1751 llde
445 1697 478 1750 ad
493 1698 618 1752 hrianam
632 1705 733 1752 sectam
754 1697 905 1755 deiecerat,
925 1712 980 1768 quo
1000 1698 1081 1751 altius
1133 1690 1228 1760 luisse,
1246 1703 1275 1748 ut
1289 1696 1311 1751 si
1326 1695 1391 1764 quid
1409 1697 1459 1752 otii
1486 1696 1601 1766 publicis
1621 1698 1694 1754 curis
1714 1707 1805 1768 posset
1819 1700 1926 1755 interci-

291 1767 317 1819 in
341 1767 413 1834 regis
436 1767 556 1823 animum
580 1768 743 1822 illaberetur.
766 1766 878 1823 Factum
897 1767 1081 1823 Theodericus
1133 1777 1208 1832 pere,
1238 1765 1389 1833 querendis
1411 1766 1445 1820 ab
1467 1781 1502 1822 eo
1525 1768 1677 1837 sapientum
1695 1767 1926 1839 politicorumquo

289 1836 334 1890 ubi
351 1836 468 1901 rescivit,
480 1836 560 1906 jussit
569 1853 630 1892 eutn
644 1839 733 1907 capite
747 1839 873 1904 truncari,
885 1837 942 1892 hoec
952 1837 1080 1907 preclara
1098 1819 1118 1878 Β
1131 1834 1272 1914 sententiis
1286 1844 1371 1890 totum
1386 1835 1767 1908 intpenderet;amarctqueab
1778 1854 1811 1894 eo
1824 1840 1924 1895 scisci·

288 1906 370 1960 verba
382 1905 509 1974 adjiciens
525 1925 531 1962 :
546 1907 577 1962 Si
591 1907 647 1961 Deo
660 1908 738 1978 fidem
752 1909 880 1962 sincerum
894 1923 946 1962 iton
960 1907 1078 1974 serumst,
1131 1910 1184 1956 tart
1210 1904 1316 1958 occulta
1335 1912 1438 1960 nature
1457 1907 1595 1972 nviracula,
1618 1908 1794 1978 philosophie
1811 1924 1924 1976 areana,

289 1975 415 2046 qrtoutodo
438 1976 575 2046 mihiipsi
596 1977 756 2042 homosum,
782 1978 965 2033 conscienciam
988 1993 1081 2031 munus
1130 1973 1248 2028 siderum
1272 1991 1381 2041 carmus,
1400 1976 1482 2031 maris
1503 1976 1627 2048 abyssos.
1653 1987 1756 2033 11111115
1776 1979 1926 2049 alveosque

289 2047 444 2115 psrestnhis?
466 2046 551 2102 Nemo
573 2048 665 2116 itaque
686 2048 772 2118 cttlpae
792 2047 961 2103 tribuendum
982 2048 1079 2114 ducat,
1130 2042 1264 2098 lentium?
1276 2044 1368 2099 Fidens
1381 2055 1470 2100 minen
1484 2046 1507 2100 si
1520 2048 1581 2116 quis
1595 2047 1659 2101 mihi
1676 2046 1855 2116 derogandam
1871 2065 1926 2118 pu·

285 2116 360 2170 titud
375 2116 483 2185 regibus
496 2125 523 2172 et
537 2117 646 2188 quidem
660 2117 766 2172 Arianis
780 2132 845 2172 acce
857 2117 982 2172 pissimus
1000 2116 1081 2171 luerit
1131 2120 1180 2179 tet,
1204 2120 1299 2169 testem
1327 2115 1565 2184 locupletissimum
1578 2116 1759 2171 Athalaricum
1783 2119 1873 2172 audiat
1894 2118 1925 2173 in

287 2131 480 2253 dassiodorus,
496 2202 557 2242 eum
572 2185 605 2243 ad
627 2187 825 2257 procurandum
838 2138 965 2242 desteste
980 2185 1081 2241 botrum
1131 2181 1188 2236 haec
1212 2184 1294 2238 rerba
1308 2184 1484 2240 disserentem
1500 2184 1575 2249 1111.
1590 2203 1626 2247 ιι,
1639 2204 1679 2256 ep.
1695 2186 1741 2258 11)
1754 2205 1761 2240 :
1779 2186 1842 2242 Cum
1854 2196 1927 2242 esset

288 2258 581 2326 auctoritateetgratia
595 2256 859 2328 quapollebatapud
872 2257 941 2325 illos,
955 2256 1080 2325 religiose
1130 2249 1233 2317 publicu
1257 2269 1319 2308 crire
1346 2265 1468 2310 nociturus
1492 2254 1680 2321 ttieouoruus,
1696 2259 1837 2312 sententias
1855 2271 1926 2326 prs·

290 2341 343 2381 non
357 2328 445 2382 minus
457 2341 536 2398 quam
551 2330 697 2400 prudenter
711 2336 839 2383 uteretur,
1131 2321 1268 2377 demuma
1286 2326 1348 2388 tuis,
1367 2325 1470 2380 Scilicet
1491 2323 1655 2391 618110110ιί,
1680 2326 1773 2398 [edulia
1786 2327 1925 2397 exipsius,

326 2395 340 2470 5
356 2395 424 2451 11111,
440 2397 587 2469 preficitur
599 2397 698 2453 Bruttis
711 2408 736 2452 et
745 2397 866 2452 Lucanis,
889 2396 975 2453 Porro
989 2395 1080 2451 Theo.
1129 2401 1158 2444 ut
1170 2392 1247 2461 sectis
1260 2395 1373 2465 propriis
1383 2405 1530 2466 seoeqrtoret
1540 2397 1662 2465 antiquis,
1673 2397 1806 2452 stellarum
1819 2414 1924 2464 cursus,

287 2463 397 2522 doricus
410 2466 467 2522 slve
482 2484 535 2523 nort
547 2468 689 2523 immemor
700 2468 781 2524 officii
791 2468 911 2532 martini,
925 2468 997 2536 quod
1010 2475 1081 2521 stre·
1130 2463 1211 2515 muris
1221 2479 1303 2527 sinus,
1319 2465 1431 2535 [entium
1441 2468 1567 2521 sitirocuio
1582 2469 1690 2521 desetor
1703 2468 1867 2522 acutissimus
1880 2470 1927 2522 in-

288 2550 342 2590 nuc
354 2537 516 2609 prestiterat
540 2538 622 2602 regie
649 2539 783 2606 majestati
806 2536 993 2600 Cassiodorus,
1016 2551 1080 2591 cum
1130 2532 1266 2603 piretum
1281 2542 1309 2587 ut
1331 2551 1417 2590 rerunt
1443 2539 1542 2590 staturis
1567 2536 1715 2605 ciiiipentists
1742 2540 1925 2608 perscrutatis,

288 2604 391 2661 scilicet
404 2609 463 2688 ejus
476 2621 559 2677 opera
569 2607 658 2661 Sicilia
673 2605 822 2663 Gothorum
834 2607 959 2675 adiuncta
973 2614 1015 2662 est
1030 2608 1081 2660 itu·
1129 2601 1236 2724 puidam
1254 2616 1418 2727 perpetratus
1447 2606 1574 2686 videretur
1596 2623 1651 2662 esse
1674 2608 1851 2687 philosophus.
1873 2607 1927 2663 llis

288 2675 379 2744 peri03
405 2691 462 2731 save
490 2684 518 2729 ut
544 2676 696 2732 Brittiorum
717 2686 745 2733 et
758 2676 928 2739 Lucanorum
949 2675 1080 2746 ancipites
1141 2682 1241 2726 orsrtan
1279 2674 1400 2729 thalarici
1415 2676 1504 2732 verbis
1523 2676 1672 2746 scriptores
1692 2676 1823 2741 tronnulh,
1851 2678 1927 2733 inter

289 2744 394 2802 animos
408 2746 509 2800 arctius
518 2746 568 2801 sibi
582 2746 744 2812 dev'utciret3
760 2747 870 2802 destitui
884 2761 914 2801 se
925 2745 1079 2818 aliquandiu
1131 2756 1200 2811 quos
1213 2742 1402 2813 Cuspiniauus,
1417 2746 1523 2800 adducti
1535 2755 1599 2801 sunt
1608 2755 1638 2800 ut
1652 2757 1803 2802 assererent
1813 2746 1927 2803 Cassio·

289 2814 356 2868 tanti
371 2815 420 2870 viri
432 2815 529 2871 solatio
544 2823 572 2870 et
594 2817 737 2887 presentia
751 2817 802 2872 sihi
823 2815 969 2871 admodum
985 2832 1079 2872 neces·
1130 2814 1199 2867 doro
1222 2814 1352 2881 magistro
1365 2814 1461 2869 litteris
1475 2816 1609 2872 studuisse
1624 2816 1832 2878 Tlteodoricum,
1847 2819 1926 2872 nulla

288 2883 366 2938 uariis
380 2901 473 2955 passus
487 2893 538 2951 est,
553 2894 583 2940 us
604 2886 642 2941 itti
657 2900 705 2942 eas
735 2887 869 2942 mincius
887 2886 1079 2942 administran.
1129 2888 1219 2937 tanuen
1235 2884 1390 2941 assertionis
1404 2886 1485 2939 allata
1506 2880 1674 2955 probatione'.
1690 2884 1757 2940 illud
1776 2900 1842 2954 ergo
1856 2903 1927 2956 pru-

287 2952 337 3008 das
346 2956 536 3011 committeret.
548 2954 625 3021 Quod
640 2956 649 3010 i
668 2971 697 3012 se
708 2903 911 3013 deCassiodoro
925 2955 1077 3023 disserens,
1129 2949 1196 3006 dens
1207 2952 1292 3009 lectur
1302 2955 1446 3024 expendat,
1459 2964 1547 3011 utrum
1562 2954 1745 3012 Theodericus
1753 2971 1802 3010 rex
1812 2965 1926 3012 (eutem

290 3023 440 3081 luculenter
461 3025 542 3081 docet
565 2972 750 3082 Theodericus
772 3027 850 3100 (Ver.
875 3026 919 3082 111.
936 3042 956 3091 ι,
971 3043 1012 3097 ep.
1029 3026 1076 3097 11).
1129 3036 1313 3104 pencomncm
1324 3025 1351 3078 in
1365 3025 1647 3092 remilitarl,neglccta
1658 3025 1830 3107 scientiarum
1841 3042 1911 3106 eura

292 3111 302 3144 ι
320 3092 372 3149 Sed
388 3111 441 3151 nou
457 3111 490 3151 eo
504 3097 699 3178 preconiorum
713 3096 766 3153 lino
780 3097 910 3163 conteuti,
924 3096 1078 3153 Brutiorum
1130 3107 1191 3172 cum
1207 3102 1350 3161 posuisset,
1375 3094 1565 3176 Cassiodorum
1587 3096 1735 3178 discipulus
1754 3096 1882 3150 audient.
1898 3069 1928 3152 td

288 3172 317 3218 et
330 3162 454 3221 Lucauie
465 3166 512 3221 tibi
523 3166 645 3221 dedimus
658 3167 889 3235 moresregendos
905 3183 912 3220 ι
929 3181 963 3222 ne
976 3167 1077 3222 bouum
1129 3161 1237 3230 quadem
1264 3163 1306 3217 vel
1329 3163 1411 3219 ullum
1434 3166 1569 3220 homutcm
1590 3166 1641 3221 subi
1658 3166 1737 3221 lactle
1759 3166 1927 3236 persuadere

287 3234 361 3300 quod
387 3236 529 3304 peregrina
549 3237 688 3306 provincia
714 3239 870 3301 meruisset,
886 3237 1012 3304 genitalis
1026 3238 1078 3292 soli
1130 3245 1211 3300 posse
1225 3234 1271 3286 vix
1284 3234 1456 3289 crediderim.

288 3305 394 3361 lurtttea
409 3306 535 3361 nesciret.
553 3325 562 3359 s
580 3307 633 3361 Per
647 3323 765 3363 annuum
780 3306 947 3377 praefecturae
960 3307 1078 3377 spatium
1166 3302 1180 3373 1
1192 3300 1250 3356 XV·
1261 3301 1317 3367 921⁰
1325 3304 1416 3359 arduae
1422 3303 1591 3360 Cassiodorus
1604 3306 1743 3378 dipnitotes
1756 3305 1928 3360 administro-

288 3372 412 3443 Scyltucii
426 3376 527 3431 vivaria
548 3386 577 3432 ct
589 3386 745 3446 stagnantes
765 3377 840 3432 lacus
863 3377 997 3448 exquisito
1011 3377 1079 3433 artis
1128 3375 1202 3453 vetil-
1222 3370 1281 3428 Etsi
1303 3375 1407 3442 magnis
1421 3376 1503 3430 rebus
1518 3382 1571 3430 tutu
1591 3377 1737 3446 ingentem,
1753 3385 1807 3431 tam
1820 3378 1926 3431 serium

289 3443 381 3498 labore
391 3447 526 3501 excavatis
536 3448 636 3502 montis
646 3446 903 3503 visceribusollodit.
916 3446 994 3513 Quod
1009 3461 1078 3517 opus
1129 3455 1247 3497 autmuut
1269 3443 1407 3510 atterebat,
1424 3451 1453 3499 ut
1480 3444 1626 3514 maioribus
1640 3446 1759 3501 intentus
1781 3461 1842 3502 esse
1869 3462 1927 3503 nors

287 3514 423 3582 egregium
439 3516 511 3571 velut
537 3518 588 3572 sub
601 3525 742 3587 aspectum
767 3518 845 3587 ponit
861 3532 893 3573 ea
918 3518 943 3571 in
963 3518 1078 3587 epistola
1128 3525 1209 3592 posse
1224 3512 1369 3577 videretur,
1387 3524 1476 3570 minen
1489 3517 1669 3585 capacissime
1679 3518 1776 3571 mentis
1789 3524 1927 3587 prestun·

285 3597 367 3651 quam
391 3586 418 3641 in
443 3589 605 3656 praetoriana
631 3587 695 3643 sede
717 3588 865 3643 collocatus
883 3588 916 3641 ad
931 3586 1077 3642 tissimum
1128 3587 1192 3635 tram
1219 3583 1300 3637 toties
1327 3584 1383 3652 regi
1403 3585 1603 3641 cortsultissimo
1624 3594 1786 3652 asseruerat,
1803 3594 1833 3640 ut
1857 3602 1927 3642 eum

286 3651 411 3710 Lucaniae
425 3666 453 3712 et
467 3656 620 3712 Brutiorum
635 3656 826 3712 cancellarium
840 3656 892 3712 seri
912 3655 957 3711 sit.
976 3675 984 3709 t
999 3655 1078 3712 Feci·
1130 3650 1227 3707 altiora
1238 3653 1328 3708 moliri
1342 3669 1421 3723 posse
1435 3669 1488 3710 nou
1503 3656 1610 3726 iniquus
1627 3656 1775 3712 aestimator
1791 3654 1926 3711 Theodo-

285 3736 356 3790 mus,
367 3725 453 3794 inquit
466 3726 530 3808 (Ep.
547 3725 591 3793 15,
608 3725 652 3781 111.
669 3725 729 3796 ιιι),
745 3726 862 3783 claustra
900 3726 1020 3796 eptunia.
1036 3725 1077 3781 hd
1127 3720 1199 3777 ricus
1221 3724 1364 3803 putaverit.
1379 3722 1468 3791 Quare
1481 3739 1516 3780 ex
1541 3726 1699 3794 praelectum
1714 3725 1872 3780 Brutiorum
1898 3734 1926 3782 et

286 3793 383 3862 podem
407 3796 537 3865 siquidem
558 3796 651 3852 hloscii
665 3795 776 3865 montis,
792 3797 1078 3869 saxorumvisceribus
1128 3788 1254 3847 Lucania
1264 3792 1420 3849 redeuntem
1431 3794 1651 3865 ademplissinms
1660 3795 1778 3850 honores
1787 3796 1926 3863 gradatim

286 3864 434 3931 excavatis,
447 3863 546 3920 huenta
557 3866 635 3921 Nerei
649 3866 761 3935 gurgitis
769 3867 898 3922 decenter
906 3862 1075 3933 immisimus,
1127 3863 1277 3932 promovit;
1290 3862 1336 3917 vix
1356 3872 1445 3919 umen
1468 3866 1598 3937 temporis
1620 3865 1753 3920 rationem
1766 3865 1927 3935 seriemque

285 3932 356 3988 ubia
376 3949 438 3991 men
452 3936 563 4004 piscium
577 3936 627 3992 sub
642 3936 726 3991 libera
740 3935 898 4007 captivitate
913 3936 1075 4006 ludentium,
1127 3946 1260 3987 annorum
1274 3933 1374 4003 quibus
1395 3935 1539 4004 dignitates
1556 3937 1649 4005 gessit,
1669 3934 1712 3990 vix
1736 3935 1825 4005 iusum
1850 3952 1925 4005 quo·

284 3947 504 4061 etdedectatione
516 4005 602 4061 reiicit
616 4006 729 4072 animos,
743 4014 771 4063 et
784 4006 962 4062 admiratione
976 4007 1078 4063 mulcet
1127 4015 1181 4084 que
1194 4001 1334 4084 '¹⁰9‘le
1347 4003 1468 4059 ordinem
1489 4004 1540 4061 rite
1554 4006 1615 4075 quis
1634 4006 1719 4075 possit
1731 4004 1884 4075 explicare.
1896 4006 1926 4061 Si

284 4072 405 4128 obtutus.
424 4073 476 4129 ald
489 4074 542 4132 loci
554 4076 719 4133 monasterio
733 4076 905 4160 postmodum
919 4073 1077 4134 edificando
1126 4071 1192 4140 quud
1214 4072 1387 4129 tuhdommus
1415 4075 1483 4129 certi
1502 4076 1656 4146 investigari
1682 4084 1779 4147 queat,
1802 4075 1837 4130 ab
1865 4077 1926 4146 ejus

207 4206 210 4211 Ι
284 4139 428 4198 uideuatur
438 4143 495 4214 jam
513 4146 658 4210 destinare,
670 4161 747 4218 quast
760 4161 895 4203 secessum
907 4146 941 4200 ad
955 4146 1077 4203 coelestia
1124 4143 1235 4212 scriptis
1247 4151 1334 4198 totum
1346 4158 1376 4197 re
1396 4151 1509 4199 eternus.

284 4221 391 4267 contem
412 4214 491 4270 landa
505 4223 562 4270 tum
582 4216 768 4284 meditaretur,
782 4232 844 4273 cum
866 4215 1011 4272 latissimus
1025 4216 1076 4289 ipsi
1163 4209 1261 4284 §dil
1273 4212 1364 4268 Cassio
1382 4229 1442 4269 orus
1456 4213 1487 4284 pit
1500 4223 1621 4284 questos.
1634 4213 1698 4271 Post
1711 4214 1838 4271 Lucanis
1853 4215 1924 4271 Bru-

283 4282 317 4337 ad
330 4229 509 4355 antpdissimos
523 4286 641 4342 honores
651 4295 757 4356 pateret
771 4287 869 4342 aditus.
1127 4281 1279 4352 librumque
1306 4284 1484 4349 reiecturum,
1499 4294 1618 4354 quaestor
1631 4285 1715 4340 lactus
1729 4295 1784 4352 est;
1800 4286 1869 4341 hinc
1883 4295 1926 4342 est

318 4350 456 4419 Quaestum
469 4370 535 4412 vero
557 4356 621 4411 boni
635 4357 687 4412 illis
701 4357 856 4426 regionibus
870 4371 918 4411 sua
928 4356 1077 4413 contulerit
1126 4353 1200 4476 2⁰⁰⁰
1213 4368 1263 4434 pro
1287 4298 1440 4477 dvusnsodi
1454 4365 1580 4433 suscepta
1602 4356 1731 4437 dignitate
1745 4356 1876 4411 laudatur
1889 4357 1925 4412 ab

282 4425 429 4480 auctoritas
452 4432 534 4496 atque
546 4428 700 4495 praesentia,
726 4442 781 4482 nou
800 4427 943 4482 ambitioso
966 4426 1075 4496 quidem
1150 4423 1301 4491 thalarrco(
1333 4440 1373 4478 ur.
1390 4424 1436 4478 111.
1448 4439 1484 4489 ιιι,
1500 4441 1541 4495 ep.
1558 4424 1603 4491 11)
1618 4443 1625 4478 :
1640 4424 1756 4497 desitque
1768 4442 1801 4479 ee
1820 4433 1848 4481 te
1859 4444 1926 4497 pro-

281 4489 362 4558 iastu,
377 4495 424 4549 sed
435 4495 484 4550 sim
506 4496 549 4552 lici
558 4498 702 4553 verborum
713 4496 795 4554 ductu
806 4504 920 4552 testatur
929 4497 987 4566 ipse
1001 4495 1073 4568 (hii.
1126 4491 1188 4547 here
1211 4508 1346 4573 possumus
1363 4494 1491 4574 'eximium
1518 4495 1642 4565 principis
1668 4495 1824 4563 institutum,
1847 4513 1925 4568 quens

281 4576 310 4627 tr,
325 4578 366 4633 ep.
383 4563 427 4636 59)
445 4583 452 4620 ι
496 4575 618 4622 esserunt
632 4583 673 4623 ute
690 4566 806 4638 judicem
825 4583 915 4631 suum,
930 4574 956 4649 et
980 4566 1072 4639 quihus
1089 4556 1113 4617 [l
1126 4565 1275 4633 primevum
1290 4579 1416 4630 recipiens
1430 4562 1465 4617 od
1474 4566 1609 4634 questoris
1620 4566 1740 4636 officium,
1752 4582 1815 4620 mos
1825 4566 1926 4637 reperit

279 4633 393 4701 priuatus
407 4635 440 4689 oh
461 4637 515 4691 ouis
536 4638 666 4709 atavisque
679 4639 777 4710 profui,
794 4638 904 4692 eiuscius
928 4652 1000 4692 uuus
1014 4653 1072 4691 mus

279 4702 343 4756 meis
368 4705 480 4774 tussibus
504 4706 638 4778 adjutore.
662 4706 750 4763 Pauca
775 4705 905 4779 prolecto,
920 4716 949 4762 ct
973 4707 1070 4776 exigua

279 4768 339 4827 bec
363 4789 422 4830 esse
449 4775 619 4841 ridebuntur,
633 4778 657 4833 si
679 4792 741 4833 cum
767 4776 998 4846 tenuioribusque
1020 4791 1070 4847 pro

279 4842 381 4899 tuenda
393 4844 498 4915 iustitia
510 4854 538 4900 et
549 4849 696 4916 prudenter
705 4848 832 4918 suscepit,
845 4855 872 4900 et
886 4855 996 4903 strenue
1008 4861 1071 4972 Rer-

277 4908 343 4968 lecit
356 4912 383 4968 in
396 4915 563 4986 preelectum,
579 4926 786 4989 componantur.
804 4915 874 4984 Quid
887 4918 987 4986 porroi
1034 4932 1071 4973 on

277 4981 367 5039 elatus
380 4985 537 5054 ambitione,
554 5004 607 5043 non
629 5003 722 5043 amore
737 4987 889 5052 statueret
904 4985 966 5042 odio
986 4988 1013 5042 in
1027 4988 1069 5043 le·

222 5107 227 5118 ,
275 5052 361 5109 renda
371 5056 504 5112 sententia
514 5056 624 5113 dederit
633 5072 749 5126 unquam
760 5058 794 5114 ab
807 5056 1069 5126 :equitatallerum-

275 5123 416 5181 enimvero
442 5126 623 5195 integritatem
649 5128 730 5183 animi
752 5144 806 5183 non
822 5128 915 5199 patrite
933 5127 1066 5193 charitas,

277 5208 332 5249 nou
344 5194 405 5263 lura
419 5197 638 5268 propinquitatis,
650 5207 696 5253 aut
709 5196 762 5253 alia
772 5197 874 5267 quateris
887 5199 1011 5252 humanm
1023 5213 1068 5252 ra-

276 5262 359 5318 tionis
381 5268 520 5335 persuasio
541 5268 661 5323 violavit.
676 5268 797 5337 Denique
821 5275 876 5322 tant
900 5267 1015 5340 probum
1039 5282 1069 5323 sc

275 5334 399 5402 prestitit
407 5336 533 5405 iudicem,
544 5346 575 5392 ut
588 5353 603 5392 a
617 5337 785 5394 Tlseodorico
796 5339 910 5395 eximias
923 5338 1003 5394 hasce
1013 5338 1070 5397 lau-

275 5401 326 5483 des
338 5404 374 5458 sit
386 5416 569 5463 corrsccutus:
587 5410 620 5462 tlt
644 5419 669 5463 ut
692 5410 904 5465 cousuetudinem
926 5409 1069 5465 deuouonis

275 5474 437 5541 impendens,
453 5495 483 5532 eo
497 5494 544 5533 nos
559 5478 610 5534 otti
629 5482 679 5534 usti
693 5496 806 5540 attinere,
821 5497 871 5552 quo
888 5479 933 5533 tihi
947 5489 1068 5549 pulensus

275 5545 364 5596 omniu
379 5548 544 5603 reddidisse:
566 5549 592 5602 in
613 5568 627 5603 e
645 5551 830 5621 asttpttpcanuo
853 5550 976 5615 debitum,
1000 5550 1069 5604 unde

276 5613 346 5666 credi
359 5626 460 5685 poterut
483 5618 639 5674 ahsolutum.
656 5619 740 5690 Episti
754 5631 778 5675 te
792 5637 837 5690 per
851 5632 944 5675 cttttetn
954 5620 1070 5689 judicetis

276 5684 354 5735 totius
373 5689 468 5740 erroris
487 5698 685 5759 superuacaneo
707 5690 806 5744 inuidia
818 5708 968 5762 quostquam
988 5692 1072 5758 depri-

275 5759 359 5812 uteus,
370 5757 513 5879 ttecprutiu
528 5759 675 5813 hlutrtdieute
688 5760 841 5814 stthliutnns.
858 5760 933 5823 uiroc
944 5777 1001 5814 cuns
1012 5761 1071 5814 uhi·

275 5828 325 5883 ulte
340 5821 373 5878 u't
387 5838 418 5879 ur
437 5841 507 5898 utitis,
520 5830 931 5904 11111111111111101111111
946 5847 954 5887 .·
970 5831 1011 5886 111
1023 5848 1069 5886 nc·

1125 4635 1282 4687 conscientia
1297 4633 1444 4703 preditum,
1468 4643 1493 4688 et
1510 4636 1596 4706 ispum
1612 4634 1758 4690 eruditione
1774 4646 1921 4689 mutunus.

1125 4701 1159 4757 Et
1173 4714 1330 4773 postpauca
1347 4720 1354 4756 ε
1379 4701 1484 4767 Quoties
1507 4704 1552 4759 itte
1571 4715 1595 4759 te
1607 4704 1753 4776 praederis
1766 4707 1923 4777 proceribus

1123 4773 1270 4843 imputauit,
1281 4772 1341 4827 dum
1350 4789 1401 4826 uota
1412 4774 1556 4844 sufficerent
1570 4775 1604 4828 nd
1619 4775 1762 4847 primordia
1783 4785 1839 4839 tuo,
1856 4790 1924 4857 quos

1124 4852 1198 4897 tenta
1211 4843 1363 4914 intrpeuitos
1381 4846 1466 4898 erutis
1479 4844 1657 4899 instruxerat?
1667 4843 1848 4901 Cassiodorus
1863 4860 1924 4914 apso

1123 4914 1150 4968 in
1166 4913 1248 4983 priori
1263 4911 1422 4983 prelatione
1444 4913 1598 4982 variarum,
1622 4915 1692 4970 iuter
1713 4915 1845 4984 primaria
1860 4929 1924 4984 quae

1122 4992 1187 5039 avite
1209 4983 1355 5052 magisterii
1382 4983 1605 5054 pretorianaeque
1630 4985 1703 5040 sedis
1729 4985 1924 5055 praelecturam

1120 5054 1239 5122 suscepit
1253 5066 1376 5121 ruuncra,
1390 5055 1533 5122 quaestoris
1558 5054 1665 5124 reponit
1676 5053 1795 5109 officitun
1812 5073 1819 5109 :
1841 5055 1923 5125 cujus
1985 5110 1987 5121 ,

1120 5125 1262 5194 praecipuae
1284 5132 1375 5191 partes
1389 5131 1478 5189 crant,
1505 5131 1535 5177 ut
1547 5126 1628 5196 reple
1653 5125 1749 5196 linque
1774 5141 1825 5179 sos
1853 5134 1923 5181 esset

1120 5193 1200 5265 (tit.
1224 5209 1260 5258 vt,
1276 5195 1353 5263 [orm.
1372 5193 1415 5262 5).
1432 5194 1471 5248 hd
1484 5194 1555 5249 hunc
1568 5194 1698 5250 honorem
1714 5196 1923 5264 provehebatur

1120 5280 1200 5321 nerito
1213 5278 1295 5332 quem
1306 5278 1353 5317 sua
1363 5263 1478 5319 eruditio
1488 5273 1516 5318 et
1526 5265 1696 5334 negotiorum
1710 5279 1797 5333 capas
1809 5265 1925 5320 animus
1984 5270 1985 5299 ²

1119 5351 1174 5390 non
1200 5335 1441 5399 osnttnendarent,
1469 5342 1498 5388 ut
1525 5342 1599 5389 recte
1621 5334 1703 5392 docet
1728 5334 1925 5391 'ilreedoricus
1983 5364 1984 5375 1

1119 5404 1189 5478 (Lib.
1204 5420 1233 5473 v,
1243 5420 1284 5473 ep.
1300 5401 1340 5473 1)
1356 5421 1362 5457 ;
1382 5422 1391 5454 ι
1408 5402 1508 5459 Omnes
1520 5419 1589 5472 quos
1605 5403 1639 5458 ad
1651 5413 1794 5476 quaesturae
1807 5405 1926 5461 eulmen
1983 5430 1984 5433 ¹

1120 5475 1270 5539 evehimus,
1285 5473 1458 5529 doctissimos
1468 5474 1647 5541 aestimamus,
1662 5474 1757 5546 quales
1771 5474 1865 5542 legum
1882 5476 1929 5530 in·
1982 5488 1983 5521 2

1121 5553 1264 5615 terpretes,
1279 5551 1308 5598 et
1331 5544 1435 5599 eorrsilii
1460 5544 1545 5598 riustri
1569 5543 1648 5600 decet
1666 5560 1726 5599 esse
1749 5546 1925 5615 participes:

1120 5616 1248 5685 dignitas,
1262 5627 1322 5682 quae
1333 5629 1383 5669 nec
1395 5613 1506 5678 divitiis,
1522 5629 1573 5672 nec
1582 5616 1647 5670 sulis
1661 5614 1794 5669 natalibus
1808 5614 1928 5671 inveni-

1122 5696 1181 5745 tur:
1193 5686 1241 5741 sed
1255 5691 1360 5739 tantum
1375 5698 1434 5739 eant
1448 5684 1570 5742 doctriua
1593 5701 1655 5741 eum
1668 5685 1811 5757 cottjuucta
1826 5695 1925 5755 potest

1123 5758 1267 5881 impetrare
1282 5753 1434 5823 prudentia,
1450 5763 1533 5812 etc.»
1778 5824 1784 5836 .
1816 5824 1823 5837 .

1172 5826 1206 5882 lis
1220 5824 1303 5882 auitui
1321 5821 1441 5895 dotibus,
1451 5835 1480 5883 ct
1494 5826 1621 5883 uhtuturu
1635 5834 1798 5885 orrtamcnus
1816 5836 1920 5884 lustru
