4059 6184
214 442 265 502 tot
892 410 1041 472 ticinus

215 560 319 619 inarari,
330 553 393 610 άλλά
406 551 449 605 καί
465 542 525 607 τοίς
539 540 683 623 ἐρθοδύξονς
706 538 783 611 λε’γεε.
809 538 869 613 Περί
890 536 941 607 γάρ
960 537 1006 589 τεῦ
1021 529 1129 597 Apide,

214 647 342 723 μακαρίου
355 641 508 699 anemone
522 643 569 695 τοῦ
581 633 685 694 Ἐδίσητ
700 630 856 696 ἰπισκίπου,
873 624 964 704 ἀνδρὸς
986 625 1011 678 ἐν

216 736 366 795 ἐπισκόποις
379 734 518 802 ἐπιτίμου,
529 725 558 783 ού
568 727 598 783 τό
609 732 694 798 μνῆμα
705 724 824 795 θαύματα
843 726 914 775 ποιεῖ
930 719 1013 790 μέχρι

216 837 262 888 τῆς
282 830 409 902 σάμερον,
426 822 508 881 οὕτως
521 819 597 893 φησίν
612 815 638 872 ἰν
651 823 683 892 τῇ
696 815 759 889 αὐτῇ
779 812 870 867 άσεθιῖ
882 809 1011 882 ἐπιστολῇ·

220 936 229 970 t
243 916 303 974 Ὀτι
326 916 474 992 ἰτύραννος
488 919 535 971 τῆς
554 909 679 983 ἡμετέρας
698 898 848 966 πόλεως,ἰν
870 899 924 955 οὐδὲ
940 900 1015 959 alric

219 1011 329 1081 ἀγνοεῖς.
343 1007 469 1081 προφάσει
483 1009 529 1062 τῆς
541 1002 655 1059 πίστεως
665 999 695 1052 ού
705 992 781 1068 μόνον
805 993 864 1053 τοὺς
885 995 1016 1054 συζῶντας

219 1103 288 1175 αἰετῷ
300 1098 400 1162 διώκει,
419 1096 481 1151 ἀλλά
503 1096 547 1150 καί
565 1094 626 1153 τούς
647 1088 695 1150 ἤδη
710 1088 787 1145 πάλαι
800 1087 865 1160 πρὸς
880 1084 920 1138 τὸν
931 1081 1017 1158 κύριον

220 1192 373 1251 ἀπελθόντας
383 1186 416 1243 ὦν
428 1184 463 1249 τίς
474 1185 543 1242 ἐστιν
555 1181 568 1239 ἰ
578 1183 703 1259 μακάριος
714 1176 845 1250 Θεὸδωρος
859 1174 872 1230 ἰ
885 1174 962 1247 κάρυξ
972 1180 1018 1232 τίς

221 1283 347 1343 άληθείας,
359 1282 402 1336 καί
412 1276 562 1337 διδάσκαλος
575 1282 623 1335 τῆς
644 1264 833 1337 ἐκνλησίας,δς
853 1267 883 1319 ού
903 1263 976 1338 μάνου
994 1263 1020 1315 ἐν

222 1384 254 1449 τῇ
264 1375 345 1449 οἰκείᾳ
358 1377 410 1444 ζωῇ
423 1372 484 1430 τούς
495 1368 638 1440 αἰρετικούς
652 1363 801 1434 ἐκολάφισεν
815 1356 858 1414 διά
869 1364 915 1417 τῆς
925 1355 1020 1413 οἰκείας

223 1471 346 1536 πίστεως,
357 1466 418 1521 ἀλλά
437 1466 480 1519 καί
499 1462 564 1534 μετά
577 1460 683 1515 θάνατον
703 1453 770 1511 ὅπλα
790 1442 952 1523 πνευματικά
967 1453 1021 1508 τοῖς

224 1559 297 1623 ἰδίοις
318 1559 427 1632 βιθλίοις
452 1562 505 1615 τοῖς
530 1560 576 1614 τῆς
601 1550 733 1607 ἐκκλησίας
755 1546 849 1605 τίκνοις
867 1538 1020 1611 κατέλειψεν,

225 1650 514 1717 marthoronensem
527 1643 582 1719 μετ’
598 1644 676 1699 αὐτοῦ
689 1637 965 1708 interemptoria,
980 1633 1023 1686 καί

225 1748 254 1802 ἐκ
265 1752 314 1800 τῶν
325 1741 388 1811 παρ’
397 1742 476 1798 αύτού
489 1736 686 1813 συγγραφίντων
696 1731 845 1787 ἐπίστευσε·
856 1730 947 1781 τοῦτον
960 1723 1026 1779 ἐτίλ·

226 1856 308 1907 μησεν
319 1833 331 1889 ἰ
342 1830 428 1890 πάντα
438 1830 536 1902 τολμῶν
545 1827 584 1883 ἐπ’
598 1825 732 1885 ἐκκλησίας
742 1826 853 1896 φανερῶς
869 1815 1023 1881 άναθιματέ·

226 1937 298 1985 orani
309 1929 353 1981 rari
362 1924 437 1983 πάλιν
446 1921 640 2001 περιίχεταιτῄ
651 1918 715 1993 αὐτῇ
726 1913 818 1975 derisi
826 1909 946 1984 ἐπιστολῇ
955 1908 1021 1981 πρὸς
1037 1900 1058 1959 B

225 2021 300 2094 ίθριν
313 2026 359 2076 τοῦ
372 2020 397 2074 ἐν
411 2016 492 2089 άγίοις
512 2013 641 2092 ενρίλλευ·
656 2028 666 2063 t
679 2006 739 2065 'Ort
748 2009 765 2067 ri
775 2004 868 2083 καρδία
887 2008 933 2059 τοῦ
949 2003 1026 2074 dipo-

226 2115 303 2171 σιτίου
318 2111 470 2182 ἐμαλάχθη,
484 2110 527 2163 καί
547 2107 631 2180 χωρίς
653 2101 834 2170 σκύλσεωςτῇ
858 2096 919 2170 ὀρθῇ
937 2095 1025 2149 πίστει
1047 2119 1050 2123 ·

226 2206 360 2275 συνῄνεσε.
387 2203 432 2254 καί
447 2196 486 2253 irc
504 2198 619 2256 άτάατως
638 2192 701 2249 κατά
718 2198 769 2247 τῶν
792 2191 890 2254 ζώντων
915 2184 1025 2239 καὶτῶν

226 2292 431 2351 τελευτησάντων
445 2289 614 2365 ὁρμήσαντες,
630 2285 656 2338 ἐν
674 2282 791 2353 αἰσχύνη
804 2279 868 2333 rial-r
887 2273 955 2349 ύπίρ
975 2278 1026 2325 τῶν

227 2381 297 2438 ἰδίων
310 2383 509 2455 ἀπολογούμενοι
523 2378 703 2446 πταισμάτων,
716 2374 758 2426 καί
772 2368 871 2424 ἐναντία
883 2373 914 2442 τῇ
934 2365 1025 2439 πρὼτρ

228 2473 311 2533 αἰετῶν
329 2470 483 2543 διδασκαλίρ
509 2466 683 2531 διδάσκοντες,
707 2466 752 2517 καί
770 2457 810 2515 ὅτι
826 2462 880 2533 χρεί
896 2455 1026 2527 ὁμολογεῖν

228 2568 265 2624 τίς
279 2564 322 2618 τὸν
333 2562 401 2625 ναίει,
413 2563 455 2614 καί
470 2562 506 2619 εἰς
515 2558 557 2613 τὸν
575 2558 715 2610 ἐνοικοῦντα
732 2554 755 2605 ἐν
769 2552 864 2620 αύτῷ.ε
879 2548 925 2601 καί
945 2552 1028 2601 ταῦτα

229 2659 274 2726 μίν
293 2655 420 2726 ἐγκείμενα
439 2660 472 2729 τῇ
489 2650 685 2721 μνημονευθείτγ
708 2644 827 2717 ἐπιστολῇ
848 2642 944 2716 φανεροί
967 2640 1027 2710 ύμῖο

229 2745 425 2814 ἐσπουδάσαμεν
445 2748 624 2802 κατασπάσαι,
639 2739 680 2793 ίνα
699 2730 841 2794 aia-eorus
856 2731 903 2803 δψί
914 2749 977 2785 ποτε
993 2730 1028 2784 τά

230 2841 291 2914 ίρθά
308 2836 479 2910 ίτεελεγίμενοι
494 2835 680 2909 άεαχωρήσητε
697 2830 794 2887 ταύτης
808 2832 853 2887 nir
868 2819 1027 2886 κακοδοξίας.

266 3021 385 3078 Τοσαύτη
405 3017 433 3075 δι’
455 3019 524 3072 ἐστιν
538 3016 553 3075 εἰ
567 3021 613 3076 τῆς
625 3016 745 3089 μυσαροῖς
764 3008 899 3068 ἐπιστολῆς
911 3004 1027 3071 deterre,
1043 3000 1067 3065 C

233 3114 274 3171 ὅτι
283 3111 339 3168 cnidi
351 3112 424 3181 ὑμεῖς
434 3111 585 3180 ἐτολμήσατε
595 3107 690 3170 πάντα,
709 3102 743 3164 ὡς
763 3100 863 3176 εἴρηται
873 3139 881 3163 ,
896 3100 930 3155 τά
940 3117 1028 3173 περιε-

233 3206 331 3277 χόμενα
343 3204 407 3280 αὐτῇ
417 3209 472 3262 τοῖς
483 3200 627 3277 παρ’ύμῶν
635 3200 787 3273 πεμφθεῖσιν
795 3193 938 3269 κεφαλαίοις
951 3192 1029 3246 ἐκθεῖ·

233 3318 285 3359 ναι,
301 3297 324 3350 τέ
336 3296 378 3350 καί
385 3314 443 3351 τινα
451 3293 478 3357 ἐξ
489 3294 571 3348 αὐτῶν
580 3289 768 3367 διεστραμμένη
787 3287 869 3362 ἐννοίᾳ
883 3283 1029 3363 ἐρμηνεύειν

233 3387 392 3462 ἐπειράθητε.
401 3387 447 3447 Τίς
460 3387 510 3460 γάρ
526 3391 689 3461 χριστιανοῖς
702 3380 810 3438 δύναται
821 3379 1030 3453 συναριθμεῖσθαι

235 3488 270 3557 ptri
281 3484 359 3558 λέγων
378 3481 460 3540 &neda
473 3488 521 3557 τίν
534 3478 680 3544 ἐπιστολὴν,
702 3478 727 3530 ἐν
745 3473 759 3551 ᾖ
779 3478 900 3531 τοιαῦται
906 3473 948 3527 καί
965 3491 1030 3527 τοσ·

234 3583 310 3633 αθταε
329 3576 497 3649 περιέχουσαι
516 3573 686 3646 βλασφημίαι,
709 3581 737 3625 ‘0
756 3572 807 3644 γάρ
832 3572 877 3629 τίκ
896 3565 1031 3625 ἐπιστολὴν

234 3668 341 3725 ἐκδικῶν
352 3675 397 3728 τάν
408 3667 452 3723 τὸν
464 3666 533 3739 ἅγιον
546 3663 664 3741 ιεύριλλον
679 3662 802 3736 αἰρετικίν
820 3660 965 3726 καλοῦσαν,
989 3659 1032 3712 καί

238 3767 279 3820 τείν
293 3757 423 3833 ίνἘφέσῳ
445 3761 549 3834 πρωτην
574 3753 679 3812 σύνοδον
705 3752 894 3816 ἐκθάλλουσαν,
918 3756 1032 3823 φανερῶς

235 3848 373 3926 Νεστύριοι
392 3852 436 3904 καί
455 3853 501 3908 τήν
524 3848 603 3902 αύτού
625 3844 745 3901 deterret
767 3841 885 3914 δέχεται,
900 3836 927 3895 ὃν
940 3841 955 3899 εί
969 3838 1033 3899 αύτέι

235 3941 354 4001 ἐπιστολή
366 3941 434 4013 λίγει
456 3938 522 4018 δίχα
542 3940 653 4015 κρίσεως
673 3940 716 3991 καί
738 3938 868 4000 ζητήσεως
893 3931 1033 3991 καταδικα-

238 4129 343 4185 αολιτῶυ
357 4130 393 4187 εἰς
404 4131 449 4186 τὴν
463 4125 591 4200 intuetur
606 4127 645 4196 ’μέ
662 4120 836 4197 ύποστρέιμαι·
850 4121 892 4193 καί
911 4120 941 4175 ού
962 4120 1034 4191 μάνου

238 4222 362 4278 εἰςτούτο
382 4215 523 4291 ἁμαρτάνει
546 4213 559 4269 ὁ
583 4220 629 4274 τάν
652 4213 732 4273 &otini
756 4210 888 4271 ἐπιστολὴν
910 4208 1033 4275 ἐκδικῶν,

238 4304 352 4363 ἀλλὰκαὶ
364 4306 506 4363 ιεελεστῖνον
519 4308 563 4362 τὸν
583 4305 672 4362 Πάπαν
685 4300 858 4368 καταδικάζει,
875 4303 918 4358 τίν
932 4301 1036 4357 εἰσάντα

238 4402 438 4478 περίουριλλου,
465 4398 507 4457 ὅτε
528 4401 543 4458 εί
563 4400 653 4460 πίστις
674 4396 804 4474 ευρδλου,
824 4395 936 4469 είμετίρα
949 4396 1075 4456 πίστιςΙ)

237 4495 317 4550 ἐστίν·
334 4498 375 4549 καί
391 4493 404 4549 ὁ
419 4486 453 4548 τά
464 4490 562 4548 dehac
575 4490 696 4564 trapitionta
708 4494 753 4545 τοῦ
768 4489 794 4542 ἐν
808 4486 889 4560 ἁγίοις
904 4485 1036 4561 ευρίλλου,

235 4586 382 4659 ἐναντίατῇ
393 4584 454 4661 ὀρθῇ
466 4587 555 4640 πίστει
568 4582 647 4654 λε’γων
662 4582 806 4656 ύπάρχειν,
823 4580 853 4634 σύ
872 4577 945 4651 μύκον
963 4578 1038 4634 αύτίν

239 4679 283 4734 τίν
304 4677 329 4730 ἐν
347 4675 428 4747 ἁγίοις
443 4674 569 4750 repellor,
584 4676 629 4728 καί
649 4675 692 4729 τίν
716 4673 742 4726 ἐν
762 4672 877 4745 μακαρίᾳ
898 4676 931 4744 τῇ
951 4672 1037 4742 μνήμῃ

240 4768 447 4832 armoricanorum
458 4768 503 4824 τήν
517 4766 620 4841 πρέετην
631 4762 757 4834 ἐνἘφίσῳ
767 4742 873 4815 σύνοδον
881 4760 1036 4833 κατακρίνει,

240 4861 303 4917 άλίοἰ
315 4862 359 4915 καί
372 4863 418 4918 τεέν
431 4859 456 4913 ἐν
468 4852 606 4917 Χαλκδδδνι
619 4853 725 4911 σίνοδκ
739 4851 913 4917 καταδικάζει,
925 4855 970 4909 τίν
984 4872 1037 4906 πα·

240 4955 302 5029 τίρα
327 4956 370 5008 καί
395 4949 548 5008 διδάσκαλον
575 4947 639 5005 ἴδιον
662 4946 778 5024 εεύριλλον
805 4945 1013 5022 ἐπιγραψαμένην
1028 4960 1036 4975 ·

238 5044 315 5100 δπίτε
329 5045 370 5099 καί
382 5042 480 5097 Δίοντα
492 5041 535 5096 τὸν
546 5042 571 5094 ἰν
585 5039 665 5114 άγίοις
676 5040 764 5095 ποίπαν
775 5041 869 5109 Ῥώμης
885 5037 979 5107 ὁμοίως
991 5058 1038 5090 κα·

243 5143 380 5209 εαδικάζει,
406 5138 434 5204 ἐς
457 5142 521 5218 πρὸς
534 5146 579 5201 τεέν
603 5142 628 5194 ἐν
646 5136 785 5203 Χαλκηδόνι
805 5135 911 5193 σύνοδον
923 5133 1038 5209 γράφων,

241 5234 309 5293 εἶπεν
324 5238 385 5313 περέ
396 5242 446 5292 τῶν
459 5233 557 5291 δώδεκα
571 5234 709 5308 κεφαλαίων
723 5238 768 5287 τοῦ
779 5232 804 5285 ἐν
815 5231 894 5305 άγίοις
908 5229 1037 5304 ουρίλλιυ·

244 5328 300 5379 etii
315 5323 373 5402 ὅροι
385 5326 409 5381 εἰ
422 5325 622 5401 προενεχθέντες
644 5325 710 5378 κατὰ
731 5323 870 5396 Νεστορίου
896 5322 966 5397 παρά
993 5334 1040 5371 ευ·

242 5417 326 5495 ρίλλου
345 5423 392 5474 τοῦ
405 5425 451 5479 vir
465 5415 539 5489 ἐιγίας
553 5415 653 5487 μνύμης
665 5414 689 5468 ἐν
700 5412 797 5486 priario
811 5412 983 5483 μενέτωσαν.ι

279 5645 363 5701 ἐλάτης
377 5638 404 5696 δέ
414 5639 535 5700 άσιθείας
548 5639 733 5711 πεπληρωμίεη
750 5639 766 5696 d
781 5636 886 5713 μυσαρά
903 5633 1040 5697 ἐπιστολή,

241 5733 271 5789 ἐν
286 5734 359 5806 μάνυε
374 5739 423 5788 τῶν
443 5732 538 5789 elaeon
560 5729 708 5805 αποκρύψαι
722 5731 768 5782 οὐκ
779 5726 905 5797 ἴσχυσεν,
928 5724 970 5780 ὅτι
989 5726 1041 5779 άπὸ

247 5822 382 5902 δρθοδίξοιν
395 5824 435 5874 καί
452 5819 529 5892 άγίωυ
548 5818 684 5889 ἀνθρώπων
699 5815 830 5891 Θεὸδωρος
844 5813 890 5869 ἀπ’
909 5814 1042 5873 ἐκκλησίας

282 5941 292 5959 ·
313 5935 420 5991 l'lnasis
443 5931 553 5988 onrnino
572 5931 684 5996 vitiosa,
706 5945 785 6001 qum,
806 5931 828 5984 si
848 5929 933 5983 Gracci
953 5936 1043 5981 textos

247 6019 328 6080 atque
346 6002 563 6064 antecedentium
576 6001 645 6057 ratio
661 6001 809 6062 habeatur,
829 5999 868 6053 sic
884 5998 1042 6067 eerrigmnla

1060 408 1160 465 rhet.
1798 390 1851 449 808

1137 539 1193 579 non
1204 516 1284 577 modo
1295 514 1437 571 haereticos
1449 518 1580 567 tecturae
1590 502 1749 573 laudat,sed
1759 504 1852 561 catire-

1063 617 1130 672 licos
1143 614 1225 670 e'tinm
1239 608 1379 665 nominare
1393 621 1446 661 non
1459 609 1579 660 veretur.
1594 601 1633 656 De
1645 600 1728 655 beato
1742 609 1855 666 iramque

1064 706 1167 763 liubula
1182 704 1379 759 Edessenornm
1395 696 1533 768 episcopo,
1548 691 1653 749 esionae
1667 687 1775 762 pietatis
1788 686 1854 743 anti·

1064 801 1147 866 stite,
1168 795 1245 863 cnjus
1263 792 1297 846 ad
1316 789 1468 861 sepulcrum
1494 785 1528 839 ad
1551 784 1609 838 hace
1630 795 1714 850 nsque
1737 789 1857 848 tempora

1066 887 1199 946 mirabilia
1214 889 1366 954 patrantur,
1379 879 1433 934 hoe
1447 875 1529 931 modo
1543 872 1570 928 in
1585 872 1667 942 impia
1680 871 1726 926 illa
1740 886 1791 925 soa
1803 870 1858 939 cpi·

1066 978 1136 1033 stola
1158 974 1272 1030 scribit:
1291 990 1300 1024 ι
1316 970 1456 1042 Tyrannus
1474 973 1574 1021 nostrae
1588 961 1724 1027 civitatis,
1738 974 1818 1030 quem
1832 967 1860 1014 tu

1068 1070 1148 1126 etiam
1164 1068 1220 1137 ipse
1234 1080 1287 1119 aron
1303 1062 1425 1131 iprroras,
1439 1058 1485 1127 qni
1499 1054 1643 1111 occasione
1659 1051 1736 1116 tidei,
1751 1066 1806 1104 non
1820 1065 1862 1104 so·

1069 1162 1124 1216 ham
1139 1173 1202 1213 cum
1216 1171 1249 1211 eo
1262 1154 1383 1209 virentes
1397 1147 1581 1223 persequitur,
1596 1143 1644 1200 sed
1663 1142 1745 1199 etiam
1758 1139 1861 1208 eosqui

1073 1248 1173 1304 dudam
1187 1246 1221 1301 ad
1234 1243 1376 1299 Dominum
1391 1238 1524 1293 abierunt.
1538 1234 1659 1302 Quorum
1670 1247 1740 1288 noris
1750 1231 1870 1289 esthon,

1071 1351 1114 1397 tus
1127 1337 1286 1394 Theodorus
1299 1331 1460 1404 praedicator
1475 1324 1607 1394 rcritans,
1621 1331 1649 1379 et
1662 1323 1757 1379 doctor
1771 1320 1865 1376 Eccle-

1071 1435 1128 1499 siae,
1145 1430 1191 1501 qui
1206 1444 1259 1484 non
1283 1424 1370 1481 solnm
1391 1421 1484 1476 nivens
1502 1418 1645 1474 haereticos
1665 1430 1713 1487 per
1731 1412 1866 1485 propriam

1072 1522 1151 1579 ssdem
1165 1516 1317 1592 percussit,
1331 1511 1378 1569 sed
1393 1511 1474 1566 etiam
1489 1513 1550 1579 post
1569 1514 1684 1561 mortem
1700 1517 1776 1558 arma
1789 1500 1867 1570 spiri·

1073 1613 1136 1669 talia
1151 1612 1178 1666 in
1194 1609 1270 1665 libris
1283 1605 1339 1662 sois
1352 1600 1497 1671 dereliquit
1510 1596 1639 1654 Ecclesiae
1653 1592 1734 1659 liliis,
1754 1591 1827 1647 sicot
1843 1598 1868 1646 et

1074 1715 1120 1762 tna
1130 1700 1292 1763 reverentia,
1305 1711 1366 1753 curn
1377 1709 1411 1750 eo
1420 1692 1557 1749 collocuta
1568 1686 1705 1756 cognonit,
1715 1693 1743 1741 et
1755 1683 1800 1739 bis
1812 1698 1868 1753 qna

1076 1799 1111 1856 ab
1123 1813 1158 1855 eo
1169 1795 1270 1865 scripta
1283 1797 1348 1848 sunt
1365 1785 1480 1860 prebuit
1504 1781 1595 1839 iidem.
1620 1778 1697 1834 Hune
1717 1791 1802 1832 ansus
1819 1785 1870 1844 est,

1073 1890 1119 1963 qui
1143 1885 1234 1944 omitia
1261 1882 1353 1949 audet,
1383 1877 1418 1933 ab
1440 1873 1561 1932 Ecclesia
1592 1865 1834 1926 anathematizare.
1858 1885 1868 1918 ι

1076 1983 1234 2052 Rursusque
1248 1977 1275 2032 in
1288 1972 1375 2031 saneti
1398 1968 1489 2043 Cyrilli
1510 1963 1721 2029 contumeliam,
1742 1963 1803 2018 lime
1816 1961 1872 2031 ipsa

1075 2075 1103 2131 in
1116 2067 1275 2131 exsecrabili
1288 2081 1321 2121 ea
1335 2061 1449 2135 epistola
1463 2059 1654 2116 eontinentur:
1669 2072 1678 2106 ι
1693 2051 1747 2109 Cor
1762 2050 1872 2123 AEgypti

1077 2164 1225 2222 emollitum
1240 2166 1299 2222 est,
1315 2162 1343 2211 et
1356 2155 1415 2211 sine
1429 2149 1592 2214 vexatione,
1608 2153 1689 2202 reeta
1702 2142 1766 2198 lidei
1780 2157 1873 2197 assen-

1076 2257 1204 2319 titusest;
1216 2259 1244 2306 et
1253 2245 1405 2305 inordinate
1411 2248 1504 2299 eontra
1512 2238 1588 2294 rivos
1598 2243 1626 2292 et
1635 2241 1759 2290 mortuos
1771 2233 1874 2288 irruen-

1077 2363 1119 2405 tes
1130 2348 1157 2403 in
1170 2342 1328 2401 confusione
1339 2342 1411 2401 sunt,
1424 2328 1621 2389 satisfacientes
1633 2341 1684 2397 pro
1698 2324 1808 2380 delictis
1821 2323 1876 2376 sois

1077 2450 1105 2497 et
1118 2434 1254 2496 eorttroria
1283 2428 1365 2502 priori
1385 2440 1440 2480 sirm
1459 2420 1589 2478 doctrinae
1607 2417 1745 2480 docentes,
1762 2423 1792 2469 et
1803 2412 1877 2483 quod

1078 2538 1203 2605 operteat
1215 2523 1337 2582 conliteri
1352 2521 1379 2575 in
1394 2515 1523 2587 ternplum
1541 2522 1622 2582 atque
1640 2508 1838 2567 inhabitantem
1850 2506 1877 2560 in

1078 2642 1122 2682 eo.
1133 2643 1143 2677 t
1156 2622 1242 2690 Atque
1251 2613 1421 2685 lneeqnidem
1434 2610 1460 2664 in
1473 2610 1624 2662 memorata
1634 2601 1748 2672 epistola
1759 2598 1877 2669 sparsim

1079 2717 1215 2774 intricata.
1225 2708 1364 2765 manifeste
1375 2703 1451 2759 robis
1461 2700 1496 2756 ob
1507 2694 1600 2753 oeulos
1614 2709 1716 2766 ponere
1726 2692 1820 2748 eonati
1831 2708 1878 2746 su·

1080 2824 1149 2870 mus,
1160 2814 1197 2870 ut,
1207 2802 1259 2857 etsi
1271 2814 1344 2863 sero,
1354 2792 1517 2865 quandoque
1529 2797 1630 2855 tamen,
1640 2794 1714 2841 recta
1723 2785 1880 2854 cogitantes

1082 2900 1116 2955 ah
1131 2894 1221 2968 proris
1241 2892 1274 2946 iis
1290 2884 1501 2961 opinationibus,
1517 2878 1707 2947 erroribusque
1719 2875 1878 2932 discedatis.

1117 2989 1204 3044 Tarita
1217 2998 1299 3055 porro
1313 2979 1453 3035 sceleratae
1466 2974 1536 3029 illins
1550 2968 1671 3041 epistolae
1684 2976 1726 3025 est
1740 2969 1881 3039 inrpietas,

1079 3092 1110 3140 ut
1123 3094 1211 3150 neque
1224 3090 1273 3131 vos
1287 3072 1337 3145 ipsi
1352 3069 1409 3126 ausi
1425 3068 1492 3132 sitis,
1505 3073 1534 3120 nt
1547 3063 1654 3130 dicitur,
1670 3060 1800 3117 universa
1821 3073 1882 3128 qnae

1079 3175 1137 3249 ipsa
1151 3165 1350 3240 complectitor,
1374 3162 1402 3217 in
1423 3157 1556 3230 capitibus
1585 3169 1647 3224 qnae
1661 3151 1792 3219 misistis,
1817 3165 1883 3220 pro·

1079 3277 1202 3338 ponere,
1225 3270 1379 3328 quanquam
1401 3250 1529 3307 nonnulla
1551 3260 1678 3318 perversa
1697 3242 1885 3313 explicatione

1081 3348 1255 3424 interpretari
1270 3343 1446 3403 tentaveritis.
1470 3339 1535 3408 Quis
1554 3338 1626 3394 enim
1647 3334 1815 3392 Christianis
1834 3332 1888 3389 erit

1080 3438 1315 3501 annumerandus,
1330 3436 1376 3507 qni
1388 3448 1448 3490 eam
1463 3431 1572 3503 impiam
1592 3443 1646 3484 non
1659 3427 1748 3492 dicat,
1766 3440 1831 3496 quac
1847 3431 1888 3479 tot

1082 3546 1226 3605 tantasque
1241 3529 1362 3587 continet
1375 3520 1575 3594 blasphemias?
1593 3517 1719 3587 Quisquis
1732 3516 1812 3572 enirn
1828 3513 1888 3585 ejus

1081 3625 1202 3700 epistolae
1216 3620 1402 3676 defensionem
1416 3614 1527 3684 suscipit
1539 3612 1566 3667 in
1580 3626 1634 3680 qua
1647 3608 1677 3665 S.
1692 3606 1815 3679 Cpnillns
1830 3607 1888 3660 hae·

1082 3719 1184 3775 reticus
1202 3711 1368 3785 appellatur,
1382 3706 1524 3780 primaque
1541 3701 1675 3773 Ephesina
1695 3699 1827 3770 rejicitur
1841 3711 1888 3768 sy·

1083 3809 1180 3873 nodus,
1192 3806 1237 3863 hic
1248 3800 1390 3858 martileste
1399 3804 1454 3853 stat
1464 3812 1480 3850 a
1492 3793 1606 3851 Nestorii
1619 3789 1754 3863 partibus,
1771 3787 1892 3858 ejusque

1084 3899 1206 3957 adhaeret
1223 3892 1377 3966 impietati,
1395 3904 1478 3959 quem
1492 3887 1550 3957 ipsa
1575 3882 1690 3956 epistola
1706 3879 1893 3952 inquisitione

1082 3990 1238 4062 judicioque
1255 3987 1298 4047 bis
1311 3984 1467 4040 damnatum
1482 3978 1566 4033 ἐοίεεο
1583 3974 1682 4030 fatetur
1696 3971 1827 4042 quidem,
1843 3967 1893 4024 sed

1085 4094 1140 4136 non
1154 4080 1310 4147 dogmatum
1324 4086 1423 4139 cansa,
1437 4084 1531 4127 rerum
1546 4067 1645 4122 cisium
1660 4063 1724 4120 odie
1740 4062 1780 4118 ad
1794 4060 1895 4117 Eccle-

1086 4171 1153 4229 siam
1166 4184 1219 4224 non
1235 4181 1295 4225 esse
1306 4177 1445 4227 reuersum
1456 4163 1467 4182 '
1480 4177 1487 4214 τ
1500 4169 1582 4228 atque
1592 4172 1645 4212 non
1657 4154 1767 4227 peceati
1776 4167 1846 4209 reus
1853 4158 1898 4207 est

1086 4263 1168 4319 modo
1182 4261 1218 4317 ob
1231 4260 1301 4315 hane
1313 4271 1433 4324 cansam,
1447 4253 1493 4326 qui
1507 4252 1565 4323 ejus
1578 4249 1699 4323 epistolae
1714 4256 1817 4304 tuetur
1833 4260 1897 4317 par·

1088 4365 1149 4422 tes,
1171 4366 1264 4409 rerunt
1279 4350 1342 4420 quia
1355 4346 1531 4405 Coelestinum
1545 4357 1655 4414 qnoque
1669 4354 1775 4412 papam
1791 4337 1902 4395 osrede·

1089 4454 1183 4509 nnat,
1203 4443 1238 4500 de
1255 4439 1356 4514 cyrillo
1370 4439 1523 4502 dicentem,
1550 4432 1642 4506 cyrilli
1665 4431 1749 4487 iidem
1769 4437 1899 4485 nostram

1087 4533 1170 4591 fidem
1180 4549 1250 4590 esse.
1261 4530 1301 4587 Ac
1310 4530 1422 4601 pariter,
1432 4527 1478 4598 qui
1489 4524 1633 4585 duodecim
1646 4538 1679 4579 ea
1691 4522 1788 4577 sancti
1801 4518 1902 4592 Cyrilli

1088 4627 1177 4698 capita
1192 4638 1253 4681 cum
1267 4632 1342 4678 reeta
1354 4619 1406 4675 lide
1419 4630 1540 4690 pugnare
1550 4612 1701 4677 contendit,
1716 4612 1742 4667 is
1758 4626 1821 4666 non
1837 4625 1904 4664 san-

1088 4725 1161 4773 ctum
1175 4713 1304 4786 Cyriilnrn
1318 4710 1400 4766 modo
1414 4716 1496 4779 atque
1511 4706 1599 4761 beatas
1611 4699 1753 4758 memoriae
1768 4699 1906 4757 Coelesti·

1088 4821 1169 4871 num,
1184 4804 1354 4875 primamque
1367 4798 1531 4869 Ephesinam
1543 4793 1677 4867 synodum
1691 4791 1816 4847 damnat
1828 4831 1837 4856 ,
1855 4787 1906 4844 sed

1088 4900 1216 4955 adversus
1235 4908 1343 4965 quoque
1363 4899 1486 4947 sanctum
1501 4885 1723 4944 chalcedonense
1744 4883 1907 4940 concilium

1086 4988 1216 5061 judicium
1230 4988 1283 5045 lert
1292 4984 1363 5057 quod
1375 4983 1504 5056 cyrillum
1518 4979 1626 5050 seriptis
1639 4981 1750 5034 Patrem
1766 4990 1836 5032 esse
1851 4974 1906 5029 sibi

1089 5089 1171 5151 atque
1185 5078 1324 5134 doctorem
1338 5072 1501 5137 declararit;
1526 5078 1608 5139 atque
1630 5068 1744 5137 insuper
1766 5066 1909 5122 adversos

1091 5180 1214 5227 sarnetum
1235 5166 1355 5222 [ιοοιιοεο
1376 5162 1560 5221 Rornanorum
1583 5155 1764 5230 pontificem,
1797 5155 1849 5224 qni
1874 5154 1909 5207 ad

1093 5258 1318 5331 chalcedonense
1369 5253 1514 5309 concilium
1542 5251 1662 5307 serilaens
1689 5247 1724 5302 de
1751 5246 1912 5303 duodecim

1093 5351 1179 5408 saneti
1202 5346 1295 5419 Cyrilii
1312 5343 1445 5417 capitibus
1466 5342 1524 5397 boae
1545 5339 1628 5395 babet
1646 5357 1653 5393 :
1674 5356 1691 5405 ¹r
1713 5335 1913 5392 Dellnitiones

1095 5444 1225 5501 adversos
1240 5438 1393 5496 Nestorium
1411 5436 1444 5491 ab
1457 5442 1558 5491 sanetae
1571 5429 1777 5489 recordationis
1800 5428 1914 5504 Cyrillo

1096 5536 1242 5609 propositae
1265 5534 1292 5588 in
1307 5539 1366 5587 tuto
1388 5532 1563 5601 perstiterunt
1577 5524 1675 5601 [Grec.
1691 5521 1881 5595 persistantl.
1901 5541 1912 5574 ι

1131 5625 1292 5694 Quanquam
1310 5635 1377 5677 rere
1396 5618 1485 5688 omanis
1503 5617 1583 5689 plena
1597 5619 1634 5673 sit
1652 5612 1819 5686 iniqnitatis
1837 5628 1918 5671 exse·

1096 5718 1204 5774 erabilis
1218 5732 1251 5771 ea
1264 5714 1395 5785 epistola,
1416 5726 1497 5766 unani
1512 5718 1600 5765 tamen
1616 5705 1733 5763 minime
1751 5708 1855 5765 celare
1873 5725 1921 5778 po·
1967 5758 1970 5759 a

1097 5812 1148 5865 tuit
1165 5810 1316 5871 veritatem,
1333 5802 1477 5859 Theodoro
1491 5803 1595 5857 scilieet
1608 5809 1669 5871 post
1683 5807 1819 5854 mortem
1835 5802 1921 5857 etiarn

1096 5931 1138 5976 est
1155 5939 1161 5973 t
1252 5933 1325 5990 quem
1345 5917 1401 5983 ipro
1416 5915 1519 5985 epistol.
1533 5928 1591 5967 stne
1610 5912 1709 5980 inquis.
1745 5909 1804 5964 ἀιέ.
1827 5914 1923 5969 rimu,

1097 5995 1177 6064 sitisse
1191 6006 1270 6058 orcrr,
1287 6004 1332 6042 nec
1347 5987 1424 6039 dorio»
1451 5999 1528 6024 ever
1553 5998 1638 6037 canna
1641 6020 1696 6037 .....
1746 5994 1807 6041 rna,
