4059 6184
130 4259 135 4269 ,
236 4212 355 4269 uiticium
377 4207 451 4279 qnod
472 4201 750 4274 nostris-immunibus
767 4199 878 4273 speciali
896 4198 1028 4255 sollicitu-

231 340 283 398 695
835 333 870 389 li.
887 330 1026 389 tnnusn
1045 325 1243 392 caedundus
1809 333 1862 391 iili

231 452 414 510 necandisunt
426 450 473 521 qni
486 448 521 504 ad
535 447 629 518 agonis
641 446 683 503 sul
697 446 807 519 prensis
820 446 1021 517 perseueranti
1038 454 1057 505 Α
1072 447 1123 505 rall
1140 447 1303 506 fecunditate
1325 448 1463 521 mmplerl,
1483 449 1660 519 sobolemque
1678 446 1739 519 sins
1760 456 1863 504 ιιιιιιιιι

230 542 461 602 Considerandum
478 541 551 611 quali
572 540 665 596 labore
680 539 809 597 servitum
825 548 877 604 est,
896 546 925 594 ct
937 539 977 596 sic
987 538 1022 594 de
1073 554 1206 607 cresccre,
1221 547 1263 610 ot,
1276 539 1349 611 quod
1360 538 1545 600 difficillimum
1563 539 1797 608 aviditatisqenns
1809 548 1861 606 est,

230 634 449 693 remanentibus
472 630 655 700 multandum.
679 629 779 686 llaruru
805 630 906 701 quippe
931 644 1023 686 rernm
1074 629 1428 700 parentumuideatnrruts
1442 631 1551 686 satiare.
1573 628 1628 687 Sed
1642 629 1731 688 urinas
1749 629 1864 686 euantis

231 739 357 782 mensura
372 723 406 778 de
429 720 567 777 contrario
585 719 673 786 venit,
688 718 753 775 dum
766 720 820 776 tale
833 717 1024 776 obedientibus
1071 728 1116 779 cst
1139 734 1194 776 non
1217 720 1332 794 amplius
1355 735 1477 791 qtmrers
1502 720 1573 777 uode
1596 729 1701 777 mutum
1723 707 1865 778 numerum

230 815 289 871 dari
303 815 385 870 debet
398 811 509 880 donum,
524 811 607 883 quale
624 809 758 867 indevotis
776 810 864 883 potnit
875 825 935 866 esse
947 808 1020 881 peri-
1074 797 1160 880 possit
1172 823 1281 880 angere.
1298 810 1422 881 dqficola
1436 810 1550 881 diligens
1559 811 1748 882 proveniendo
1757 811 1867 883 adiurat

230 905 331 962 culum.
345 903 464 960 Grandia
477 911 550 970 suut,
563 915 624 973 qum
636 902 772 959 sustinent
784 902 949 959 excubantes
961 914 1023 973 per·
1074 897 1186 956 imbrem
1201 900 1348 971 cmlmtem,
1363 910 1465 958 etante
1478 902 1549 971 rigat
1560 877 1703 974 plantaria,
1717 915 1798 972 quam
1807 904 1867 975 plu-

230 1012 323 1063 sonas,
342 1003 517 1052 contumaees
530 994 565 1051 ad
578 994 727 1066 parendum
739 1001 849 1064 cogunt,
865 994 981 1050 latentes
995 992 1023 1048 in
1073 990 1132 1049 vias
1154 1001 1309 1060 mereautnr
1331 1002 1448 1067 optatas.
1476 995 1610 1052 Arborum
1629 995 1778 1066 quinetiam
1796 995 1868 1055 ictos

231 1089 364 1148 sublibus
375 1088 431 1144 suis
441 1086 565 1159 prudenti
579 1086 727 1156 mandute
743 1087 886 1157 recinant,
901 1084 1024 1157 superbis
1073 1083 1219 1140 meliorare
1229 1086 1406 1152 commodans,
1423 1086 1522 1143 diuersi
1536 1086 1777 1157 santumnium
1795 1088 1868 1145 insti-

232 1178 392 1235 medestiam
411 1176 574 1247 equalitatis
585 1176 738 1248 imponunt
754 1174 794 1231 lta
808 1173 882 1247 qnod
897 1189 912 1230 ι
925 1173 1025 1246 indici·
1074 1174 1134 1239 tuit,
1150 1182 1181 1230 ut
1193 1174 1370 1247 multiplicata
1384 1174 1527 1234 dideediue
1548 1176 1695 1246 irnetnum,
1710 1178 1798 1235 bortis
1810 1179 1867 1236 suis

231 1268 283 1325 bns
304 1267 423 1324 breviter
442 1266 561 1330 dicitur,
586 1267 621 1322 ab
645 1266 710 1335 ipsis
732 1263 853 1322 ιιιιιιιιι
878 1264 1025 1321 famulante
1074 1263 1346 1323 curileratuarietatis
1358 1274 1493 1323 umatum.
1506 1266 1553 1325 Sic
1566 1268 1756 1326 nosvirtutnm
1768 1268 1869 1340 incuu-

232 1361 395 1431 completnr.
409 1358 508 1415 Notum
522 1366 635 1429 estque
648 1358 769 1429 pericula
783 1358 948 1427 sustineant,
962 1372 1025 1413 cnm
1074 1357 1198 1416 dissimas
1219 1359 1312 1415 landes
1333 1358 1478 1417 incinctum
1491 1358 1601 1417 Graium
1615 1360 1802 1418 desideramus
1824 1361 1869 1418 iu·

236 1450 315 1525 lob
329 1450 365 1507 rd
385 1465 481 1509 causas
494 1449 639 1506 mittuntur
657 1449 769 1504 alienas.
783 1446 812 1505 Si
830 1448 939 1520 sequias
951 1455 1024 1519 aqut,
1075 1446 1196 1519 cludere,
1210 1456 1239 1504 ut
1250 1463 1360 1519 germen
1374 1450 1492 1528 alienum
1504 1450 1632 1523 amplexu
1645 1452 1738 1523 gratiae
1756 1451 1870 1522 colliqe-

232 1530 333 1616 petitor
346 1542 485 1613 queritur;
510 1540 533 1597 si
554 1539 687 1607 districte,
709 1537 830 1611 pulsatus
851 1537 1023 1596 vociferatur.
1076 1544 1134 1593 tum
1145 1538 1226 1593 crinin
1238 1538 1357 1596 muribus
1369 1540 1511 1598 inolescat.
1532 1540 1587 1599 Sed
1605 1540 1663 1598 bec
1676 1542 1780 1599 crdtnra
1790 1542 1871 1613 lonqe

232 1637 279 1692 Sic
289 1636 360 1691 inter
372 1642 515 1704 utrmnque
533 1633 669 1690 diversum
683 1647 746 1689 rara
759 1632 818 1690 laiss
829 1639 871 1689 est
890 1631 1026 1688 invenisse
1075 1626 1213 1685 dissimilis
1224 1636 1276 1688 est.
1301 1630 1450 1687 Arboribus
1469 1632 1541 1688 enim
1556 1632 1629 1705 quod
1649 1632 1747 1689 melius
1759 1641 1872 1705 putatur

234 1727 408 1798 preconium.
433 1724 597 1795 [lignitatum
624 1739 693 1796 pace
710 1724 842 1788 dicamus,
862 1721 966 1781 laeilim
983 1731 1027 1779 est
1076 1718 1220 1789 inseritur;
1234 1720 1268 1777 sd
1291 1721 1349 1780 illas
1362 1723 1506 1795 peregrina
1519 1725 1640 1793 veniunt,
1657 1731 1687 1781 nt
1706 1724 1741 1781 de
1763 1725 1873 1783 illorum

234 1815 371 1874 laudatum
385 1815 504 1887 judicem
518 1815 648 1887 reperire,
671 1829 753 1886 quarn
778 1814 891 1871 militem
905 1814 1026 1886 injuncta
1042 1813 1167 1891 Bpotim
1187 1815 1320 1873 suavitate
1335 1815 1492 1875 dulcescant
1502 1835 1510 1872 a
1522 1818 1601 1877 vobis
1624 1826 1725 1888 sutem,
1744 1828 1775 1876 ιιι
1792 1833 1874 1890 agre·

232 1906 292 1962 siue
305 1905 456 1965 offensione
473 1905 622 1977 complere.
635 1904 713 1961 stim
722 1912 765 1962 est
777 1904 849 1961 eninr
861 1913 965 1961 tantum
983 1904 1026 1961 di·
1076 1907 1128 1964 stia
1141 1906 1294 1981 proliciunt,
1307 1907 1467 1967 offeruntur.
1482 1908 1549 1966 Nam
1561 1912 1684 1982 quamvis
1703 1911 1772 1982 iqnis
1790 1921 1874 1970 noete

233 2013 297 2054 cere
313 1997 441 2065 teqtnma,
470 1996 543 2053 aliam
566 1995 601 2052 ud
621 1995 766 2053 ιιι-ιιιίιιιιιι
789 1994 933 2052 deduxisse
950 1996 1027 2067 insti·
1077 1998 1206 2067 reluceat,
1217 1998 1269 2056 soli
1283 2006 1373 2057 tamen
1387 2008 1566 2072 praesentatus
1587 2003 1719 2059 obscuros
1733 2009 1787 2059 est.
1802 2000 1875 2061 llirse

232 2089 311 2144 tiam.
326 2087 507 2145 laudabiliter
519 2087 628 2158 quidem
637 2086 739 2143 Ιιιιιιιι
753 2085 868 2154 dicitnr;
879 2086 927 2143 sed
940 2086 1026 2144 molto
1077 2093 1120 2143 est
1131 2087 1205 2158 qnod
1218 2086 1252 2144 ad
1265 2087 1339 2144 dium
1353 2088 1476 2145 ordinem
1496 2089 1563 2145 nibil
1576 2096 1668 2161 potest
1680 2089 1808 2147 eximium
1821 2090 1874 2148 de-

232 2181 377 2253 gloriosius
397 2188 500 2238 statuta
523 2180 704 2253 complentur.
723 2179 813 2237 Verba
838 2187 943 2236 mutum
962 2178 1027 2236 diri·
1078 2175 1310 2251 tentabimus
1324 2181 1474 2251 peripsum
1494 2179 1626 2251 probatur
1645 2182 1748 2251 sugeri.
1763 2179 1874 2239 Etldeo

232 2281 357 2342 quntura
370 2272 537 2345 presulibus,
553 2269 809 2329 amititibnsautem
822 2270 973 2344 postulatur
985 2268 1027 2325 el·
1078 2270 1153 2327 illum
1163 2271 1293 2329 natalium
1307 2272 1452 2345 splendore
1466 2273 1655 2346 conspicuum,
1669 2283 1698 2330 et
1710 2272 1811 2346 ingenii
1829 2288 1875 2331 ca·

233 2367 330 2424 iectus.
342 2364 409 2424 Post
427 2365 518 2423 omnia
528 2365 657 2436 periculis
670 2364 831 2430 subduntur,
850 2361 1028 2420 sicomtricti
1078 2361 1137 2418 lore
1151 2362 1297 2433 prudenter
1317 2373 1471 2431 accensum,
1494 2372 1606 2421 senatus
1630 2363 1720 2420 lumen
1742 2364 1875 2435 eruptura

233 2458 335 2531 ailquid
351 2459 498 2517 uerisimile
521 2465 735 2528 conquerantur.
750 2457 919 2528 Frequenter
935 2455 1029 2511 nocuit
1078 2451 1216 2510 llsetenus
1229 2451 1280 2509 luit
1301 2454 1356 2511 suis
1378 2454 1484 2511 meritis
1504 2455 1614 2522 clams3
1628 2454 1676 2512 sed
1688 2453 1745 2524 jam
1764 2454 1819 2510 erit
1837 2454 1876 2512 de

234 2553 295 2609 aliis
316 2551 374 2624 ipsa
391 2564 501 2621 qnoque
518 2548 659 2617 teugrinus
681 2546 807 2604 sedunis.
832 2546 900 2601 Nam
917 2544 1027 2611 multos,
1078 2552 1168 2601 vestra
1181 2541 1373 2616 perspicuitate
1383 2544 1554 2616 praelucidus.
1570 2545 1683 2602 Pandite
1695 2548 1811 2618 curiam,
1824 2563 1875 2606 sn·

233 2646 336 2719 quosin
347 2643 522 2701 exsecutione
531 2640 694 2698 eontmstare
704 2639 755 2696 uisi
766 2645 841 2706 sunt,
853 2638 926 2709 ipsos
935 2644 1029 2707 postea
1078 2635 1175 2707 scipite
1191 2633 1373 2692 candidatum.
1388 2633 1448 2691 ianr
1470 2635 1575 2691 senatui
1598 2635 1807 2706 praedestinatus
1819 2645 1875 2707 est,

235 2738 373 2809 impensos
388 2734 495 2807 judiees
517 2730 694 2805 pertulerunt.
710 2728 855 2786 Offendunt
878 2728 950 2784 enim
973 2727 1029 2785 ire·
1078 2725 1123 2781 cui
1137 2739 1188 2781 nos
1201 2725 1364 2782 contulimus
1375 2724 1539 2781 laticlaviam
1552 2725 1721 2794 niquitatem.
1732 2725 1876 2799 Benlm

234 2838 350 2904 quenter
363 2828 459 2900 ignari,
472 2826 575 2899 quibus
583 2831 646 2881 sunt
659 2830 755 2894 postca
767 2820 898 2895 parituri;
918 2827 947 2878 et
964 2818 1029 2875 dnm
1079 2832 1139 2875 osse
1159 2833 1271 2877 necesse
1284 2826 1327 2876 est
1339 2818 1462 2891 publices
1481 2826 1584 2890 patres,
1599 2819 1662 2891 qnia
1685 2819 1738 2877 linc
1750 2820 1875 2878 uocabu-

233 2922 323 2979 causis
341 2917 438 2977 alienis
460 2915 540 2974 tidem
563 2913 730 2975 sustollunt.
751 2910 886 2969 interdum
909 2909 1030 2982 pericula
1079 2910 1135 2967 lum
1150 2926 1203 2968 non
1217 2918 1322 2970 tantum
1335 2911 1477 2970 suadebet
1497 2911 1612 2982 qemun
1633 2917 1766 2982 quartum
1780 2911 1877 2971 undio

235 3012 353 3087 prnprise
365 3010 460 3069 salutis
471 3009 623 3065 incurrunt
641 3005 741 3062 Verum
761 3004 834 3060 inter
846 3002 904 3060 ltere
917 3000 1030 3058 militem
1079 3012 1198 3075 votoque
1211 3002 1342 3075 generali.

236 3106 356 3162 evasisse
368 3101 518 3169 laudatum,
533 3111 624 3154 nonne
634 3096 707 3167 inste
721 3093 828 3152 videtur
841 3108 903 3151 esse
917 3093 1031 3150 miracu-

235 3196 310 3254 lum!
322 3194 432 3251 Talibus
444 3192 526 3263 igitur
538 3189 643 3246 meritis
655 3186 811 3259 vicissitudo
824 3183 960 3241 reddenda
975 3190 1027 3251 est,

235 3298 267 3345 ut
287 3286 371 3344 nimio
390 3285 483 3342 labore
497 3291 636 3354 torpentes
653 3279 762 3336 indictis
774 3278 834 3354 [Gr.
854 3286 879 3334 et
897 3275 969 3351 Gai„
983 3276 1026 3333 in·

235 3378 329 3454 dultia]
357 3376 622 3451 compensationibus
653 3374 812 3431 excitemus.
839 3368 923 3427 Utere
945 3370 1027 3440 igitur

234 3474 403 3542 mrsbdenter
415 3471 544 3545 quidquid
554 3468 690 3527 vetcmnis
710 3464 837 3525 munides
846 3465 908 3538 jura
921 3464 1026 3521 tribue·

235 3575 311 3640 runt,
323 3565 390 3624 nulli
408 3563 518 3623 sordido
535 3558 718 3633 subjiciendus
731 3558 818 3624 oncri,
833 3556 880 3628 qni
893 3563 921 3612 te
934 3556 1027 3628 puris·

236 3662 305 3720 sima
316 3657 524 3717 conversatione
538 3653 670 3711 tractasti.
683 3649 846 3708 comitivam
856 3662 966 3720 quoqne
975 3646 1025 3703 tibi

236 3752 317 3826 primi
330 3751 443 3817 ordinis,
457 3763 538 3820 quam
551 3746 600 3802 tali
620 3743 716 3802 mlitia
729 3734 878 3814 pertimetis
890 3754 960 3796 caua
978 3739 1028 3798 de-

235 3845 341 3920 putavit
352 3841 509 3914 antiquitas,
519 3835 667 3897 menradum
678 3841 780 3892 statuta
796 3831 894 3889 divalia
904 3829 1027 3888 vindica·

235 3939 287 3995 bis.
307 3934 370 3991 lime
389 3931 497 4003 quidem
519 3928 670 4001 priscorum
688 3923 823 3984 beneflcio
841 3923 1026 3994 consequeris,

235 4026 284 4085 sed
302 4024 388 4082 nostri
411 4021 526 4080 nominls
539 4029 633 4076 uonna
654 4016 775 4076 inciviles
788 4015 904 4086 impetus
917 4022 945 4072 et
958 4028 1026 4071 con-

236 4117 400 4176 ventionalia
416 4113 578 4170 detrimenta
595 4109 707 4183 perenni
721 4108 836 4165 tuitione
857 4105 975 4175 vallaris,
996 4114 1027 4163 nt

1214 3132 1272 3191 XV.
1292 3143 1415 3192 romum
1432 3150 1532 3192 arcanii
1550 3149 1626 3193 unsis
1646 3151 1737 3194 sous.

1077 3335 1198 3402 obedire,
1215 3344 1245 3393 ιιι
1257 3351 1321 3394 suas
1335 3352 1388 3394 nun
1410 3337 1529 3395 babeant
1546 3336 1702 3408 dignitates.
1723 3335 1879 3410 Splendeat

1076 3434 1198 3486 mutuatu
1219 3427 1330 3496 lumine,
1354 3428 1476 3485 nituntur
1497 3426 1599 3486 uiribus
1617 3428 1727 3496 alieuis;
1749 3437 1778 3485 et
1796 3443 1881 3500 quse·

1076 3519 1139 3579 ean
1153 3521 1241 3604 mmo
1254 3520 1282 3577 n
1297 3519 1349 3576 nin
1360 3520 1467 3578 onem
1479 3534 1540 3577 esse
1554 3520 1688 3590 vemens,
1707 3520 1754 3591 qu
1767 3498 1891 3593 proprii

1077 3625 1132 3667 nun
1146 3611 1248 3668 babent
1258 3609 1320 3682 jura
1334 3607 1456 3680 irrlqoris.
1472 3608 1513 3666 Tu
1526 3616 1618 3668 autem
1634 3607 1750 3665 sicarius
1757 3608 1880 3680 dicerm

1077 3707 1106 3757 et
1126 3710 1172 3757 tua
1186 3699 1326 3770 primisque
1340 3714 1394 3756 non
1412 3698 1553 3770 relinquis,
1578 3697 1687 3770 quando
1701 3695 1815 3769 propria
1837 3704 1882 3754 est

1074 3792 1226 3867 jurisdictio
1247 3809 1308 3866 quse
1326 3794 1406 3853 datur
1424 3795 1584 3868 sprincipe.
1605 3794 1696 3851 liabes
1717 3793 1791 3851 sarim
1813 3809 1883 3851 curn

1077 3884 1210 3959 proiectis
1234 3885 1352 3957 aliquam
1374 3885 1539 3959 portionem,
1563 3892 1656 3959 partes
1680 3882 1751 3958 apud
1771 3891 1801 3941 te
1828 3882 1882 3941 sub

1077 3978 1239 4051 praitoriaun
1253 3978 1431 4035 aduocatione
1443 3976 1602 4048 condiqunt
1614 3986 1628 4014 ¹
1642 3974 1708 4032 llice
1721 3988 1800 4030 sacra
1811 3988 1883 4032 sen·

1077 4070 1190 4148 tentiam
1210 4070 1288 4137 dicis,
1314 4075 1354 4136 et,
1368 4070 1443 4140 qnod
1467 4068 1591 4124 maxine
1609 4065 1671 4122 lidei
1688 4066 1797 4135 sianum
1824 4073 1881 4132 est,

1077 4158 1133 4217 ltin
1151 4158 1374 4233 inscriptionibus
1385 4158 1440 4215 vita
1464 4157 1512 4213 tibi
1525 4155 1704 4214 committitur
1721 4152 1882 4219 bantinum,

236 4304 299 4361 dine
313 4299 470 4357 lamtdatum
483 4303 536 4362 est,
551 4292 667 4366 antplins
679 4290 779 4363 aliquid
793 4304 808 4345 ι
826 4288 955 4345 militibus
974 4304 1029 4345 ee·
1076 4255 1150 4326 ‘¹⁰⁰⁰
1161 4252 1232 4310 inm
1243 4252 1373 4356 ⁰¹⁰¹&
1381 4256 1491 4356 Qut
1506 4262 1567 4307 ⁶⁸⁸⁶
1580 4247 1740 4350 pmfm'm
1759 4244 1884 4301 ‘mnu'

235 4395 302 4452 teris
314 4389 465 4465 promereri
479 4386 599 4460 potuisse
611 4383 743 4441 rideatur.
754 4380 853 4437 llnlcta
864 4392 972 4449 quoque
985 4384 1029 4433 tot
1077 4344 1152 4453 W
1163 4359 1214 4402 ¹¹⁰⁰
1231 4343 1342 4402 ΨΜ
1356 4349 1384 4400 ‘⁰
1404 4357 1464 4449 ⁸¹⁸⁰?
1477 4338 1622 4448 thyde
1633 4351 1696 4445 „f”
1717 4335 1883 4405 'mmmm’

236 4485 275 4559 lm
294 4492 332 4539 m
357 4480 463 4546 decem,
479 4476 525 4535 Gr·
541 4485 566 4533 e,
579 4472 651 4548 cnm
663 4473 791 4530 fibrarum
809 4470 867 4528 ,uri
878 4468 1027 4541 pomnen,
1077 4438 1387 4507 millensimum
1396 4436 1506 4493 militari
1516 4447 1625 4505 semper
1637 4445 1723 4497 ussus,
1735 4444 1884 4501 tmnquans

235 4576 299 4633 dum
313 4524 373 4630 esse
388 4585 542 4638 censemus,
563 4569 587 4625 si
600 4565 661 4637 quis
679 4569 780 4621 statuta
800 4569 892 4618 nostra
908 4557 1029 4630 qnalibet
1041 4584 1067 4645 υ
1078 4529 1226 4588 Μθῗθήῑ
1238 4543 1298 4587 0⁸⁸⁰
1307 4528 1438 4601 psham·
1450 4524 1506 4583 ⁸⁰⁶
1515 4525 1572 4581 'm
1581 4522 1672 4580 ⁰¹³¹¹¹³
1686 4520 1721 4576 ‘d
1731 4517 1884 4591 mm*

236 4662 382 4723 cestren
402 4659 544 4716 occasum
570 4653 704 4713 troianos.
729 4652 786 4709 nee
812 4658 902 4706 umen
925 4647 1026 4720 aliquid
1079 4637 1117 4680 rs
1132 4620 1407 4694 stenensium
1429 4633 1490 4676 esse
1510 4629 1651 4680 essee,
1675 4621 1706 4669 ιι
1719 4613 1771 4683 oui
1793 4619 1884 4716 ‘²³¹3

236 4766 331 4816 conum
342 4762 370 4812 se
381 4752 472 4809 valere
482 4748 671 4824 pompanium,
686 4745 759 4818 quod
772 4742 867 4800 (101032
881 4740 961 4798 suem
970 4754 1030 4796 ma.
1080 4714 1155 4774 sedis
1166 4715 1297 4772 vicarium
1313 4713 1426 4779 diceret,
1439 4709 1584 4768 umbratile
1597 4708 1635 4765 nil
1645 4706 1762 4811 videret.
1776 4703 1884 4761 consu

237 4847 392 4907 cniusdam
406 4850 551 4900 tentatum.
1082 4807 1147 4865 (¹0¹²
1160 4806 1296 4878 qnaliade
1311 4813 1468 4878 seps-astes,
1483 4804 1615 4874 quinon
1631 4797 1884 4856 aucmnmtesnb-

1081 4899 1198 4959 reberis.
1224 4897 1370 4955 Eruendus
1391 4913 1408 4954 a
1433 4895 1546 4954 crimine
1574 4910 1627 4952 uon
1650 4892 1771 4948 nudetur
1791 4888 1883 4963 [utii,

314 4980 384 5037 XW·
404 4992 529 5036 '⁰⁸¹⁰ss
547 4992 582 5033 ⁰⁸
601 4987 766 5031 ”mmm
783 4987 810 5028 ¹⁸
827 4986 940 5028 mm·
1082 4991 1198 5064 videtur]
1210 4991 1245 5046 ab
1258 4989 1368 5046 innoxia
1383 4987 1521 5047 laenitate.
1541 4983 1683 5054 Numquid
1704 4981 1755 5038 tibi
1773 4981 1884 5038 debere

270 5095 401 5169 Optamus
415 5090 524 5166 quidem
538 5089 640 5147 curiam
653 5093 764 5146 senatus
776 5083 933 5156 amplissimi
946 5092 1028 5141 natu-
1081 5081 1177 5157 possit,
1195 5080 1219 5138 si
1240 5079 1358 5137 minimis
1375 5078 1458 5153 idun,
1477 5076 1566 5142 Gom,
1586 5070 1701 5146 meritis]
1714 5073 1773 5130 suis
1787 5073 1884 5144 impu·

272 5267 333 5324 *Su
353 5281 394 5334 ra,
418 5265 472 5321 boc
491 5263 551 5330 libs,
571 5262 651 5319 form.
670 5260 704 5326 ὃς
728 5273 816 5322 sacra,
836 5256 869 5323 l:
893 5253 1027 5339 principe,
1081 5254 1217 5315 ulantibus
1227 5253 1373 5326 impendet,
1384 5251 1545 5320 suammet,
1556 5250 1576 5307 Ι.
1587 5250 1613 5314 t,
1624 5247 1656 5307 C.
1669 5246 1783 5312 ilerum
1797 5245 1818 5301 Ι.
1833 5245 1880 5308 il.

236 5340 255 5395 l.
269 5338 316 5405 38,
332 5283 363 5395 gi
376 5338 433 5409 qais
442 5333 552 5417 oliqmd,
565 5332 584 5387 2
596 5331 640 5415 Ι),
656 5330 695 5387 tie
708 5331 799 5411 punis:
811 5327 969 5411 Sacrayiee
980 5340 1029 5395 pn·
1111 5326 1239 5393 Quidum:
1253 5321 1381 5407 adlini.
1396 5322 1436 5406 De
1449 5322 1550 5406 eduin:
1564 5321 1583 5376 l.
1598 5321 1625 5384 3,
1637 5319 1668 5373 [i.
1683 5315 1723 5371 De
1735 5332 1844 5382 ocrem
1860 5316 1880 5371 l.

236 5410 337 5472 dicant,
354 5408 432 5463 torm.
449 5405 476 5473 ὅ,
496 5405 543 5461 lrb.
559 5419 595 5460 vr.
608 5401 674 5460 vnce
694 5415 771 5457 sacra
788 5398 919 5468 iudicavit
932 5398 1028 5468 prule-
1099 5396 1153 5461 ,C.
1169 5395 1202 5451 ad
1219 5393 1332 5464 Turpill.
1346 5401 1529 5465 inscriptionis
1544 5390 1657 5446 vinculi.
1673 5388 1691 5444 l.
1711 5386 1804 5468 ll,ea
1826 5386 1882 5442 ult.

235 5487 296 5536 ctus
305 5478 443 5550 praetoris,
452 5490 544 5548 supra,
556 5473 607 5531 ior.
619 5474 645 5529 5.
656 5470 781 5529 vicarius
794 5469 876 5534 urbis,
889 5465 967 5524 lorm.
983 5465 1027 5522 ¹5.
1079 5466 1187 5547 Nullus,
1201 5464 1233 5523 C.
1246 5463 1286 5519 tn
1300 5479 1405 5531 ussus.;
1422 5463 1441 5518 l.
1456 5462 1505 5519 ult.
1519 5459 1551 5516 G.
1562 5458 1665 5516 Theod.
1678 5456 1717 5512 lie
1730 5454 1825 5511 aare.
1840 5453 1884 5510 rei

235 5549 354 5606 Fonuas.
443 5616 450 5629 ·
682 5611 689 5625 .
955 5607 962 5620 ἣ
1080 5533 1403 5620 nunsmst3rris;l..peu.
1416 5541 1445 5589 et
1457 5533 1520 5600 nlt.,
1533 5530 1565 5587 C.
1581 5528 1621 5585 De
1634 5534 1760 5591 usumin
1772 5524 1797 5579 l.
1811 5524 1880 5591 ult,

235 5612 666 5753 c‚trra‚aasaraam
680 5607 1026 5748 acerimum
1077 5603 1372 5805 oplaniis-„an-
1386 5595 1884 5747 exariani-,amma

234 5759 269 5813 ad
287 5757 389 5812 aimeri
403 5752 578 5810 deserendum
592 5752 751 5816 admittitur,
766 5748 817 5804 nisi
830 5747 878 5821 qni
892 5746 1026 5802 solemnia
1076 5746 1094 5804 li
1116 5786 1123 5802 .
1139 5762 1184 5816 ss,
1200 5746 1241 5803 tit.
1254 5743 1299 5802 li.
1311 5737 1432 5802 Forum.

236 5826 417 5885 assumtionis
434 5823 555 5896 impleas,
565 5832 663 5882 etsese
680 5820 715 5877 ad
725 5831 914 5893 poenamque
927 5814 1026 5873 calum
