4059 6184
252 305 302 364 ddi
859 304 892 359 lt.
914 301 1051 358 :abacto
1071 302 1266 360 casstooont
1821 318 1865 376 ggq

251 439 300 480 eos
325 439 440 494 quorum
468 429 596 490 interest,
621 428 749 489 tanquam
781 436 877 475 mamus
903 420 1042 484 eximium,
1058 421 1082 476 A
1096 426 1125 473 et
1139 428 1261 491 tempora
1275 419 1326 476 sibi
1341 419 1506 488 custodiant,
1528 423 1573 493 qui
1585 421 1707 489 judicum
1723 422 1866 494 jussionibus

252 517 352 571 nostris
365 515 489 586 hospitiis
502 513 633 568 oderatis.
656 512 719 568 lrlco
732 511 805 567 enim
818 510 1043 580 peregrinationis
1095 511 1292 580 obsecundant,
1310 515 1866 586 tuuslionorcognoscitursolctnniordiua

251 603 433 670 ittcommoda,
446 605 508 660 ideo
518 613 679 675 totangusta
690 602 862 673 cogitationis
872 601 1043 664 intravimus,
1095 618 1148 659 non
1172 605 1277 668 teneri,
1301 606 1347 675 qui
1372 606 1428 662 suis
1450 607 1609 677 primatibus
1628 610 1727 664 meruit
1747 618 1866 686 anteponi

250 705 281 752 ut
305 696 419 765 populus
442 695 498 760 ills,
523 696 641 766 antiquis
664 694 891 750 delectationibus
908 700 1041 756 uarietas,
1095 693 1154 750 Tibi
1164 697 1234 751 enirn
1247 697 1361 753 reddunt
1371 698 1512 768 obsequia,
1525 699 1714 768 quiteproeire
1724 712 1867 773 manetur,

249 784 412 841 beatissimis
424 786 591 855 regnantium
605 785 786 856 temporibus,
802 784 920 854 explosis
931 783 1044 839 necessi·
1093 790 1122 838 et
1140 783 1240 839 reflexa
1255 785 1409 841 conditione
1421 784 1542 855 justitia,
1562 786 1615 843 iliis
1636 790 1795 847 reverendus
1807 796 1869 865 aspi·

249 874 363 940 tutibus,
389 874 552 946 perimatur.
577 874 673 931 Procul
689 876 760 950 enirn
775 876 809 929 sit
824 884 853 929 ut
868 874 957 943 aliquo
973 874 1044 928 illius
1093 875 1173 940 ceris,
1186 890 1254 944 quos
1266 876 1391 947 subsequi
1407 893 1486 948 posse
1497 879 1666 935 monstraris.
1682 879 1756 937 lianc
1766 881 1869 956 inequa-

249 965 366 1021 civitatis
378 966 514 1021 esuriente
528 966 667 1020 satiemur.
683 962 792 1019 illorum
808 964 892 1035 (quod
906 963 986 1035 absit)
1002 964 1044 1018 in·
1093 966 1174 1021 bilem
1202 968 1373 1037 equitatem,
1409 969 1527 1039 speciale
1563 969 1717 1033 decretum,
1753 971 1871 1042 singulare

254 1055 377 1125 ligentia,
397 1065 489 1113 nostra
503 1057 615 1130 penuria
630 1065 682 1113 est.
704 1056 773 1124 Quid
788 1056 884 1126 plural
907 1056 959 1112 lati
981 1072 1042 1113 esse
1091 1055 1251 1112 beneficium
1262 1058 1310 1112 sub
1322 1059 1541 1128 aspectujudicis
1552 1058 1627 1127 agis3
1643 1075 1693 1115 nee
1704 1069 1792 1131 potest
1803 1065 1871 1122 ratio

248 1164 303 1205 aon
318 1164 471 1219 possmnus,
496 1149 547 1206 nisi
570 1159 598 1205 et
619 1149 679 1206 illos
700 1148 847 1220 gaudentes
862 1149 1043 1205 communiter
1093 1147 1218 1203 nabiliter
1231 1148 1350 1219 culpari,
1373 1148 1446 1220 qund
1460 1149 1635 1219 impugnante
1649 1149 1745 1206 ordine
1761 1150 1871 1212 rideatur

247 1241 398 1298 audiamus.
423 1240 511 1312 Atque
535 1241 595 1297 ideo
619 1249 693 1297 tanta
714 1241 858 1298 vivacitate
886 1242 1042 1312 incorrupta
1092 1239 1202 1295 assumi.
1217 1238 1311 1295 Nullus
1326 1239 1374 1295 tibi
1386 1238 1420 1295 de
1440 1240 1568 1310 temporis
1582 1239 1713 1309 qualitate
1727 1243 1869 1310 prescribit.

247 1334 352 1404 species
366 1332 491 1388 immenti
509 1342 697 1402 congregetur,
723 1341 752 1389 ut
772 1333 849 1403 banis
865 1333 926 1388 inde
946 1341 1042 1389 cnettts
1092 1326 1280 1399 Transgressio
1294 1328 1444 1385 matricula
1457 1328 1530 1385 aetio
1543 1336 1589 1383 tna
1603 1337 1661 1395 est;
1675 1335 1703 1383 et
1715 1328 1787 1384 solus
1799 1329 1872 1385 cont·

247 1441 302 1481 non
316 1425 436 1490 humori,
460 1424 509 1479 scd
529 1424 633 1479 deliciis
651 1424 775 1480 videatur
796 1439 856 1480 esse
875 1425 1039 1496 propositus.
1091 1419 1188 1478 dentm
1207 1421 1320 1492 negligis
1338 1420 1410 1492 quod
1430 1420 1490 1476 aliis
1509 1436 1618 1477 servare
1642 1421 1782 1477 contendis
1806 1423 1872 1496 [nn.

248 1516 410 1573 Ponderatio
421 1517 493 1585 justa
508 1525 641 1572 servetur.
666 1516 783 1574 vincant
801 1518 887 1588 copie
907 1519 1039 1574 mentium
1091 1511 1264 1585 contemnisl.
1290 1512 1344 1570 Sed
1369 1512 1433 1568 talia
1448 1511 1496 1568 tibi
1511 1528 1561 1583 pro
1576 1512 1772 1568 excellentibus
1784 1515 1873 1571 nictitis

246 1609 388 1664 desideria.
417 1608 476 1667 Non
503 1616 612 1680 putatur
640 1608 776 1665 :bundare
805 1609 877 1682 quod
901 1611 1038 1680 qrraeritur.
1092 1607 1288 1676 conceduntur,
1310 1608 1374 1663 dum
1389 1607 1507 1663 crederis
1527 1623 1622 1664 omncs
1637 1606 1768 1664 industria
1781 1605 1874 1678 tideqoc

245 1702 339 1770 Fugite
362 1701 492 1758 scelerata
514 1701 599 1768 lucra,
623 1700 705 1755 ritate
728 1700 845 1756 nefanda
867 1700 1037 1772 corripendia.
1091 1713 1229 1769 sttpcrare,
1252 1714 1331 1771 quem
1355 1714 1405 1755 nos
1426 1707 1533 1754 constat
1555 1698 1679 1767 elegisse.
1706 1698 1789 1755 Nemo
1810 1701 1872 1755 enin

245 1794 378 1864 Quidquid
394 1793 429 1848 ibi
445 1792 514 1847 nrale
528 1791 709 1862 praesumitur,
729 1792 757 1846 in
770 1791 823 1847 mei
836 1790 916 1846 animi
931 1791 1041 1846 laesione
1057 1789 1250 1860 liscquentem
1269 1789 1381 1860 probat,
1406 1790 1456 1845 nisi
1477 1805 1556 1859 quem
1576 1789 1627 1844 sibi
1649 1788 1781 1844 laudanda
1801 1790 1874 1845 virtus

244 1894 390 1954 grassatur.
413 1883 498 1938 Neruo
516 1889 594 1951 putet
607 1881 723 1948 veniale,
749 1882 821 1952 quod
836 1882 862 1937 in
878 1882 928 1936 ista
949 1891 1039 1937 tenta·
1091 1881 1217 1947 associat,
1233 1880 1340 1951 quando
1354 1880 1532 1950 vituperabile
1546 1890 1588 1935 est
1602 1880 1758 1935 interiorem
1770 1880 1873 1948 erigere,

244 1978 314 2034 verit
326 1983 403 2046 parte
416 1988 588 2048 praesumere.
603 1971 633 2028 ln
649 1972 725 2029 nobis
738 1971 840 2030 lucilius
854 1974 1039 2030 consentimus
1090 1970 1141 2025 nisi
1161 1971 1263 2025 meritis
1277 1971 1345 2027 alins
1360 1971 1481 2026 rideatur
1495 1970 1638 2027 excellere.
1656 1969 1714 2027 lice
1728 1970 1807 2041 igitur
1821 1972 1873 2025 lan-

244 2069 352 2137 eacedi,
367 2085 448 2140 quam
463 2068 645 2125 Romanorum
661 2066 790 2122 utilitates
801 2068 937 2140 patiamur
949 2066 1039 2121 immi·
1089 2061 1178 2116 dabile
1192 2062 1385 2132 praeiudicium,
1402 2062 1565 2117 sententiam
1580 2061 1746 2131 gratiosam,
1761 2062 1872 2117 militiam

244 2161 288 2218 utri
305 2177 312 2214 :
328 2176 382 2215 nnn
398 2167 426 2216 ut
441 2160 577 2226 latorem,
602 2159 780 2229 plausumque
801 2159 974 2230 popularem,
990 2160 1038 2216 scd
1088 2151 1280 2218 domesticam,
1304 2169 1320 2206 a
1339 2152 1500 2208 duodecima
1525 2152 1671 2207 indictione
1686 2151 1775 2223 (Anno
1789 2150 1875 2207 cirini

245 2261 275 2306 ιιι
290 2249 410 2324 (juvattte
438 2249 564 2322 llnmino)
586 2267 676 2306 uicum
692 2250 786 2305 inillis
804 2250 955 2322 compleam
970 2250 1038 2306 dile-
1090 2240 1153 2314 ast)
1170 2243 1351 2300 cancellorum
1368 2243 1415 2297 tibi
1430 2242 1513 2298 decus
1527 2242 1664 2309 attribuit,
1688 2251 1719 2297 ut
1734 2242 1875 2298 consistorii

243 2341 341 2399 ctionis
352 2341 593 2398 arbitrium.Cives
603 2341 733 2411 siquidem
745 2356 839 2396 omnes
849 2338 1037 2408 invendisunt,
1089 2335 1174 2388 nostri
1193 2345 1297 2391 secreta
1322 2336 1392 2391 fideli
1407 2336 1563 2405 integritate
1579 2337 1655 2408 177
1670 2336 1818 2391 custodias.
1832 2334 1876 2390 Per

243 2432 291 2494 sed
312 2431 428 2490 [lontani
442 2432 541 2502 aliquid
564 2431 624 2503 plus
638 2439 786 2488 merentur.
804 2430 873 2487 Urbs
885 2440 981 2486 ornata
996 2439 1038 2485 tot
1089 2434 1116 2481 te
1140 2427 1341 2496 praesentandus
1365 2428 1492 2495 accedat;
1519 2444 1569 2501 per
1592 2436 1619 2485 te
1650 2431 1754 2484 nostris
1778 2431 1876 2484 auribus

242 2522 349 2582 canariis
371 2522 551 2589 senatoribus,
576 2521 655 2577 beata
681 2529 736 2576 tam
757 2521 893 2578 nobilibus
918 2520 1035 2590 populis,
1087 2518 1249 2575 desiderium
1272 2521 1400 2592 supplicis
1419 2521 1587 2590 innotescat3
1611 2521 1685 2591 iussa
1707 2531 1801 2577 nostra
1824 2521 1876 2576 sinc

243 2610 338 2667 landes
351 2610 432 2666 debet
445 2619 600 2666 nostrorum
623 2610 774 2680 principum
788 2625 945 2680 personare,
967 2625 1036 2678 quas
1087 2611 1176 2666 studio
1199 2612 1351 2666 vernalitatis
1364 2612 1507 2680 expediam
1523 2613 1668 2683 omniaque
1681 2613 1723 2669 sic
1747 2627 1838 2682 geras,
1852 2621 1877 2666 nt

242 2701 324 2758 bonno
339 2699 457 2756 nationis
470 2708 570 2754 exterae
579 2715 609 2757 se
619 2701 732 2755 miretur
743 2700 870 2755 audiisse.
886 2699 952 2754 Nam
963 2700 1037 2769 juste
1087 2706 1206 2754 nostram
1230 2702 1317 2770 posssss
1331 2702 1521 2758 cenmrcndare
1540 2693 1682 2772 justitiam.
1706 2703 1792 2760 Actus
1811 2703 1875 2758 euin

241 2807 272 2849 so
292 2792 346 2848 illic
365 2792 471 2848 extollit
491 2791 583 2848 laetitia
605 2792 752 2864 popularis,
777 2807 836 2864 quac
852 2791 976 2847 durannus
991 2807 1036 2847 en·
1087 2790 1126 2844 tui
1138 2790 1235 2860 judicis
1249 2791 1341 2861 opinio
1355 2800 1412 2859 est;
1429 2801 1456 2848 et
1470 2792 1539 2850 sicut
1553 2795 1692 2864 penetrale
1708 2794 1806 2851 domus
1820 2805 1832 2832 ¹
1845 2794 1876 2849 de

241 2885 377 2953 gnoscittr
390 2885 491 2942 babere
502 2885 626 2941 victores.
646 2884 817 2956 Quapropter
827 2884 1034 2955 impendendum
1085 2885 1188 2945 loribus
1203 2899 1292 2959 potest
1302 2898 1483 2960 congruenter
1497 2890 1624 2957 intelligi,
1639 2890 1679 2947 sic
1690 2907 1771 2946 ruetis
1784 2906 1876 2961 praso-

241 2982 284 3033 est
296 2975 423 3048 quidquid
440 2975 519 3044 tides,
542 2976 670 3047 quidquid
685 2990 782 3046 magna
797 2983 888 3046 potest
906 2976 1035 3032 exhibere
1086 2975 1119 3032 lis
1139 2978 1173 3032 de
1187 2985 1214 3034 te
1228 2979 1358 3049 probatur
1372 2980 1497 3049 agnosci,
1512 2995 1567 3035 non
1590 2979 1698 3050 bajoria,
1725 2981 1789 3051 qnia
1805 2981 1877 3035 talem

241 3070 355 3138 munta,
383 3069 532 3141 quiaillud
555 3083 618 3125 vere
641 3077 763 3124 nostrum
786 3077 828 3124 est
850 3068 1032 3134 comtnndnut,
1086 3069 1269 3138 uniusquisque
1279 3070 1312 3123 ad
1323 3085 1452 3139 respousa
1460 3085 1508 3126 sua
1520 3069 1644 3125 videntur
1653 3070 1769 3139 eligere,
1780 3071 1876 3140 quaten

241 3158 312 3231 qnod
324 3159 430 3216 illorum
444 3159 509 3215 anibi
523 3168 650 3231 procurat
664 3158 800 3216 allectum.
816 3156 952 3216 [letentur
963 3176 1032 3231 praa·
1045 3156 1068 3220 C
1083 3176 1114 3216 se
1128 3168 1241 3216 cunctos
1254 3161 1405 3216 decreverit
1427 3162 1561 3217 aestimare
1584 3158 1661 3235 ltin,
1678 3159 1746 3218 illia.
1762 3171 1787 3216 et
1807 3159 1871 3224 Gn,

240 3251 361 3307 sentibus
374 3250 488 3322 gaudiis,
503 3251 549 3322 qui
562 3259 639 3308 eram
650 3251 683 3307 de
694 3260 786 3307 nostra
799 3252 908 3308 actione
918 3268 1033 3325 suspen·
1084 3259 1187 3317 eustos,
1213 3261 1278 3318 ets,
1299 3249 1447 3323 aestimarit
1475 3251 1568 3308 Vestes
1592 3251 1665 3322 ipsa,
1696 3267 1760 3322 qum
1785 3251 1877 3307 nostris

240 3340 262 3395 sl
278 3357 287 3396 ι
303 3341 408 3396 illorum
423 3357 467 3398 me
478 3342 621 3407 desideria,
643 3343 748 3399 illorum
761 3358 806 3399 nte
821 3352 882 3399 rota
894 3342 1032 3415 juverunt.
1083 3342 1242 3413 corporibus
1258 3342 1437 3412 applicantur,
1464 3357 1554 3399 noune
1569 3357 1618 3398 nos
1640 3340 1806 3398 deformare.
1822 3357 1879 3412 pos·

240 3430 273 3488 Et
292 3435 345 3490 boc
358 3434 423 3491 milti
446 3435 517 3506 apud
533 3451 622 3491 rerum
637 3435 762 3493 dominos
777 3437 892 3509 proluit,
913 3439 1034 3507 quodab
1083 3442 1161 3500 sunt,
1184 3434 1207 3489 si
1230 3434 1320 3505 aliquo
1343 3434 1544 3505 inquinamento
1571 3433 1753 3491 sordescant?
1776 3433 1874 3502 Quanta

240 3524 279 3581 cis
299 3526 486 3582 universaliter
505 3526 665 3583 audiebatur
685 3529 783 3599 optari.
805 3528 883 3597 Agite
908 3545 979 3586 nune
1004 3537 1034 3585 ut
1083 3541 1149 3581 vero
1170 3526 1256 3596 gratia
1280 3541 1330 3582 nos
1353 3527 1483 3583 decorare
1506 3524 1642 3592 videntur,
1668 3541 1734 3581 cum
1759 3524 1879 3581 laudabili

239 3631 317 3672 amor
340 3618 399 3684 iste,
419 3618 530 3689 juvante
554 3619 677 3685 Domino,
705 3629 872 3690 perseveret,
897 3622 960 3690 qnia
983 3637 1035 3677 eos
1083 3617 1200 3687 puritate
1214 3618 1364 3674 nituerint?
1379 3616 1424 3673 Sic
1439 3618 1515 3673 miles
1534 3617 1568 3672 ad
1582 3625 1688 3672 secreta
1702 3616 1805 3687 judicis
1818 3631 1875 3689 pm⁴

239 3709 353 3779 amplius
372 3710 399 3764 in
418 3710 549 3779 reliquum
569 3710 651 3765 credo
669 3708 775 3779 lacere,
796 3708 868 3779 qttnd
893 3725 922 3764 sc
941 3711 967 3764 in
988 3726 1032 3765 me
1083 3710 1208 3776 ximattn,
1224 3709 1346 3780 presulis
1360 3710 1401 3766 sui
1416 3710 1514 3765 lamam
1537 3709 1596 3783 [nra.
1616 3719 1642 3764 et
1662 3714 1734 3778 Ac.,
1758 3709 1879 3780 immani]

239 3796 353 3855 icliciter
363 3800 484 3855 sentiunt
496 3800 648 3854 inchoasse.
664 3798 861 3854 Abundantium
874 3805 1032 3869 nuncpela·
1083 3808 1131 3855 aut
1149 3808 1237 3867 ornat,
1262 3808 1310 3856 aut
1323 3801 1450 3856 maculat.
1473 3801 1501 3856 ln
1515 3802 1594 3857 nobis
1606 3802 1744 3873 siquidem
1761 3809 1878 3872 peccant,

239 3905 299 3945 mus
317 3890 504 3945 communibus
522 3891 593 3944 votis
605 3908 612 3942 z
626 3904 750 3959 superna
767 3888 959 3948 misericordiae
979 3889 1033 3948 liu·
1082 3889 1206 3959 quialins
1217 3889 1369 3955 maculant;
1384 3897 1412 3944 et
1432 3888 1495 3944 dum
1506 3890 1621 3962 spolium
1632 3891 1809 3946 observantis
1818 3888 1879 3963 led,

239 3980 514 4050 milcssupplicemus,
530 3989 558 4035 ut
570 3979 684 4050 primum
695 3979 772 4035 trobis
784 3978 898 4035 salutern
910 3978 1033 4036 domine·
1082 3976 1265 4050 obsecrantis!
1298 3978 1425 4045 ambitur,
1460 3977 1530 4033 launa
1558 3977 1733 4049 praesidentis·
1766 3978 1879 4035 exuitur.

239 4082 299 4124 rum
313 4068 554 4126 clementiadivina
568 4069 708 4126 concedat.
725 4069 858 4126 Craterum
870 4080 1030 4141 proventum
1080 4066 1238 4132 Considera,
1259 4068 1282 4123 si
1302 4068 1439 4139 negligere
1459 4068 1588 4124 debemus
1608 4068 1679 4123 unde
1704 4084 1758 4125 rios
1782 4064 1879 4137 utlpari

238 4171 318 4226 quem
330 4160 483 4232 praestiterit
496 4176 549 4216 non
564 4161 724 4230 negligentia
738 4161 871 4228 diminuit,
887 4178 940 4218 non
953 4180 1031 4220 rena·
1081 4174 1162 4229 posse
1175 4172 1381 4229 cognoscamus.
1408 4157 1482 4214 Ultra
1496 4158 1643 4214 clementes
1659 4156 1672 4197 b
1692 4157 1776 4232 [Gr.,
1790 4155 1847 4229 Cui.
1860 4161 1881 4208 et

239 4249 299 4303 litas
311 4250 364 4304 ulla
379 4249 512 4308 subducit,
536 4249 626 4305 Fidem
642 4265 729 4306 meam
744 4252 881 4322 promitto,
906 4253 953 4308 sed
968 4270 1031 4308 curn
1082 4251 1106 4305 F
1107 4269 1178 4320 orn,
1198 4248 1349 4322 dementes]
1372 4258 1428 4316 est,
1444 4250 1490 4319 qui
1504 4249 1597 4306 ulcisci
1613 4266 1666 4305 non
1683 4249 1794 4321 appetit
1805 4260 1880 4318 quent

238 4339 302 4409 ipsis
326 4340 477 4396 Divinitatis
500 4340 569 4395 dona
602 4340 737 4406 sustineo;
766 4341 900 4398 cautelam
932 4342 1029 4411 ollero,
1081 4350 1231 4411 grassatum
1253 4342 1281 4397 in
1301 4357 1351 4397 suo
1372 4340 1505 4397 dedecore
1524 4342 1746 4412 comprehendtt.
1774 4339 1881 4410 Respice

238 4431 325 4501 turpia
347 4430 598 4487 fraudulentissimae
613 4430 813 4487 nundinationis
827 4432 949 4487 excludo.
977 4433 1028 4502 lpsi
1080 4447 1135 4501 quo
1164 4433 1272 4487 nourine
1293 4431 1464 4502 nuncuperis.
1494 4429 1590 4487 Latere
1618 4447 1672 4488 non
1695 4439 1793 4503 potest
1810 4424 1879 4500 qnod

237 4531 327 4579 autem
342 4523 369 4578 in
383 4523 496 4580 Domino
510 4524 545 4581 dc
558 4525 706 4596 promerita
719 4524 842 4580 ubertate
855 4525 1013 4594 glorientur.
1044 4533 1067 4588 ι)
1079 4521 1149 4577 inter
1159 4524 1294 4580 cancellos
1314 4534 1326 4562 ⁶
1343 4523 1440 4591 egeris.
1457 4522 1544 4577 'lenes
1555 4523 1655 4593 quippe
1674 4523 1786 4579 lucidas
1802 4520 1879 4583 iore-3

518 4658 615 4716 ΜΤ
641 4658 685 4714 LA
699 4656 732 4714 Ἥ
1081 4613 1197 4670 claustra
1224 4615 1355 4685 patentia,
1384 4612 1544 4670 fenestratas
1564 4614 1676 4684 januas,
1707 4623 1737 4670 et
1762 4614 1880 4684 quamvis

617 4657 639 4721 ⁰
734 4699 741 4712 ’
1080 4705 1201 4763 studiose
1219 4707 1337 4773 claudas,
1363 4722 1476 4763 necesse
1489 4714 1576 4762 estut
1594 4714 1619 4761 te
1633 4710 1745 4764 conctis
1767 4708 1880 4777 aperias.

253 4783 343 4824 '⁰⁸⁸⁸'
355 4784 537 4826 “mmmm
550 4786 671 4827 “mm
685 4787 847 4830 mmm
860 4790 1009 4833 mmm·
1080 4796 1147 4851 Nam
1169 4796 1192 4852 si
1207 4795 1272 4852 ioris
1286 4797 1404 4860 steteris,
1426 4797 1494 4853 meis
1515 4795 1668 4852 emendaris
1684 4797 1847 4860 obtutibus,
1860 4794 1879 4847 si

1080 4887 1152 4943 intus
1166 4887 1333 4956 ingrediaris,
1349 4888 1550 4943 observantium
1573 4901 1627 4941 non
1647 4895 1732 4957 potes
1747 4889 1881 4943 declinare

1080 4989 1250 5051 corispectus.
1262 4979 1331 5036 vioe
1342 4994 1396 5050 quo
1406 4986 1433 5034 te
1443 4978 1590 5048 antiquitas
1600 4978 1721 5033 voluerit
1734 4977 1878 5040 collocari;

236 4881 352 4937 loannes
367 4899 383 4936 a
397 4883 552 4937 cassiodoro
565 4889 666 4936 crentur
680 4884 863 4953 cancellarius,
884 4896 909 4939 et
925 4887 987 4958 perid
1001 4889 1028 4943 in

374 4954 423 5007 leuc
437 4953 564 5025 dignitate
577 4953 705 5023 agendum
719 4954 881 5009 udntonctur.

273 5063 399 5132 Qttamvis
413 5067 520 5123 statutis
534 5064 660 5135 gradibus
670 5066 759 5123 quartis
769 5066 861 5122 militia
873 5078 1026 5139 peragatur,

272 5256 284 5283 ι
298 5244 357 5302 Lib.
373 5265 390 5310 v.
402 5264 462 5320 cap.
480 5249 506 5316 ἰ,
524 5249 628 5305 Nauarii
650 5251 676 5306 in
697 5250 869 5323 panegyrico,
885 5265 947 5322 pag.
962 5250 1026 5308 ibti.

236 5313 351 5373 Sanctus
364 5317 487 5375 Ambros.
504 5321 549 5376 lili.
567 5336 584 5375 tt
599 5318 634 5376 de
649 5319 802 5390 Virginibus
818 5341 824 5377 :
841 5321 915 5378 imita
930 5323 1027 5378 doinus

238 5387 263 5439 in
283 5386 341 5456 ipso
356 5390 489 5446 vestibulo
511 5390 592 5445 debet
613 5393 732 5459 agnosci.
759 5391 805 5450 stc
827 5391 967 5463 Apuleius.
993 5392 1026 5448 [it

237 5453 403 5528 llieronym.,
419 5461 496 5529 epist.
512 5459 547 5515 ad
561 5460 708 5517 Marcellin.
720 5472 749 5517 et
759 5463 911 5534 Anapsycb.
929 5481 936 5517 ι
953 5462 1027 5530 Quos

236 5540 298 5581 carm
318 5528 425 5594 tegeris,
442 5529 611 5586 etvestibula
634 5531 745 5598 videris,
772 5533 858 5590 tacitis
871 5535 1026 5605 conjectura

236 5595 298 5657 erit.
311 5599 398 5678 qualis
411 5600 470 5669 ipsa
482 5600 517 5656 sit
527 5599 613 5655 Arima
629 5601 732 5658 doinus.
747 5603 844 5660 tunna.

273 5664 452 5736 bttemcrner,
468 5669 545 5734 Vct,
566 5671 708 5728 dernentea.
732 5673 861 5729 Proclivis
876 5673 925 5728 luit
936 5691 1023 5738 errem

237 5749 271 5790 cx
284 5735 414 5793 assitritate
427 5740 450 5793 rt
464 5754 524 5796 ctttn
540 5741 566 5805 d,
583 5750 612 5795 ut
626 5743 692 5796 alias
705 5744 800 5800 elidem
816 5746 904 5800 rrrcttdi
925 5758 1025 5812 genere

237 5803 343 5861 laborat
355 5802 465 5873 Gellius,
480 5806 527 5862 lib.
544 5826 569 5878 v,
585 5826 644 5881 cap.
661 5811 708 5879 li,
724 5813 751 5866 in
766 5813 874 5870 trortriue
888 5817 957 5870 sorti
974 5817 1024 5872 An·

1081 5073 1198 5144 undique
1217 5072 1394 5145 conspiceris,
1416 5071 1508 5141 quiin
1534 5070 1578 5124 illa
1600 5070 1730 5127 claritate
1756 5069 1876 5126 versaris.

1079 5252 1157 5309 tlrodi
1173 5272 1187 5312 a
1204 5255 1283 5312 leone
1296 5260 1390 5328 agniti,
1409 5262 1455 5331 qui
1470 5277 1534 5317 vere
1546 5260 1698 5317 Androclus
1710 5260 1787 5331 apud
1803 5257 1879 5315 AElia·

1078 5340 1152 5379 ιιιιιιι.
1169 5325 1200 5380 tn
1211 5327 1396 5399 Nemesianus,
1411 5333 1486 5387 diros
1497 5333 1557 5387 lenc
1569 5332 1705 5399 jacentes,
1720 5347 1774 5400 pro
1788 5331 1877 5383 clivos.

1077 5393 1211 5451 Describit
1221 5397 1291 5452 enim
1307 5397 1431 5469 Capitolii
1446 5418 1607 5466 ascensum,
1631 5403 1656 5456 in
1692 5417 1732 5454 uo
1746 5408 1776 5455 et
1799 5399 1879 5454 clivos

1079 5464 1161 5521 luisse
1182 5476 1299 5526 constat.
1315 5472 1356 5525 tel
1371 5489 1404 5527 ex
1424 5471 1556 5543 Alplreno,
1572 5474 1590 5526 l.
1611 5471 1654 5536 δί,
1705 5472 1714 5523 i
1733 5487 1769 5524 ea
1784 5468 1877 5540 pispir,

1080 5535 1146 5602 §ln
1168 5538 1233 5593 ebro
1257 5538 1290 5593 ad
1307 5540 1324 5593 l.
1345 5542 1489 5611 Aquiliam.
1516 5542 1611 5597 Simile
1634 5551 1786 5611 peccatum
1809 5535 1877 5607 apud

1077 5605 1186 5663 Graccis
1211 5609 1236 5661 iu
1260 5613 1383 5678 perindie,
1409 5627 1457 5682 pro
1474 5612 1596 5670 reddere.
1621 5621 1648 5666 et
1672 5613 1809 5681 ysinetr,
1832 5619 1878 5678 pto

1079 5678 1205 5747 goderan,
1222 5676 1374 5749 llartungus
1389 5636 1573 5752 deperibunt
1588 5681 1670 5736 tons.
1685 5671 1696 5682 ’

1115 5747 1240 5804 ‘Glossa
1259 5752 1385 5819 antiqua,
1411 5753 1487 5808 caula
1505 5770 1512 5805 :
1530 5752 1640 5807 caucelli
1662 5760 1734 5808 ante
1759 5749 1875 5822 judicem

1076 5826 1152 5873 entra
1167 5819 1253 5886 caula,
1268 5818 1335 5877 loris
1349 5837 1442 5878 remus
1455 5824 1531 5877 atriu.
1548 5821 1642 5878 lunen.
