4059 6184
249 328 300 385 tor
323 296 327 303 ’

949 324 1063 380 t'ttlttll
1080 324 1180 380 DAPAE

1839 336 1885 383 itti

285 440 351 496 Naro
379 439 448 495 idcio
476 454 500 491 m
511 437 636 493 innabilis
659 437 802 510 episcopus
829 436 890 494 ibas
917 454 950 494 es
978 440 1044 510 ipsis
1059 443 1082 500 Α
1095 439 1228 493 sententia
1243 440 1443 507 condemnarit,
1456 442 1597 497 destruens
1611 440 1773 514 Ephesinam
1789 459 1881 501 securr-

249 531 333 602 gestis
347 529 571 599 precedentibus,
590 530 660 586 sicut
680 529 767 585 Photii
789 538 816 586 ct
835 529 966 587 Eustathil
981 547 1043 586 seu-

249 624 334 681 tentia
349 623 484 685 eontinet,
503 621 672 692 apertissime
687 621 844 692 perhibetur
857 622 957 677 babere
971 637 1000 677 se
1015 631 1043 678 et

249 715 370 789 recipere
385 714 473 769 orrentia
488 729 547 781 quar
563 714 588 767 in
605 711 736 783 Ephesius
752 712 837 781 prima
852 711 954 783 synodo
967 722 1042 781 gesta

249 812 324 873 sunt,
335 814 363 860 et
376 820 452 874 mqrra
465 804 585 873 judicare
599 819 658 873 qum
673 804 699 858 in
714 800 802 858 Nicaea
814 812 877 860 sunt
886 804 1041 867 constituta,

249 906 277 951 et
291 896 392 951 trullam
407 894 585 949 dillerentiam
598 893 722 949 arbitrari
735 895 794 963 ejus
807 894 840 949 ad
852 895 913 959 alia,
925 902 952 948 ct
963 894 1043 949 nimis

249 987 307 1055 ejus
319 989 488 1042 sanctitatem
500 1000 529 1040 se
540 985 662 1040 laudasse
674 986 863 1058 pronuntians,
873 986 946 1055 quod
959 1001 1043 1056 prone

249 1077 308 1135 lbas
322 1081 443 1148 sapuerit
462 1092 556 1132 curare
570 1092 617 1132 cos
634 1078 680 1148 qui
695 1078 741 1132 vel
754 1078 919 1147 suspicione,
932 1079 973 1132 rol
988 1078 1042 1132 alio

249 1171 341 1242 aliquo
365 1169 445 1225 modo
470 1169 527 1238 ejus
556 1168 684 1225 laederent
707 1170 863 1240 opinionem
884 1169 1039 1224 doctrinae:

249 1279 313 1319 nant
326 1271 355 1318 et
375 1272 436 1334 post
459 1260 676 1332 explanationem
700 1262 841 1318 duodecim
862 1261 1040 1332 capitulorum

249 1355 320 1411 beati
341 1354 433 1427 Cyrtiti
453 1352 568 1420 tactam,
585 1364 612 1409 et
633 1354 797 1409 intellectum
818 1354 877 1422 ejus
896 1352 945 1407 sihi
960 1366 1040 1421 quem

248 1455 359 1503 sanctus
372 1445 487 1517 Cyriilus
502 1445 528 1499 in
543 1444 607 1515 ipsis
619 1444 744 1515 capitulis
756 1443 851 1499 babuit
863 1443 1040 1508 declaratum,

249 1548 278 1595 et
295 1538 474 1595 orthodoxum
493 1554 554 1592 euru
572 1551 603 1592 se
626 1552 686 1593 curn
714 1534 838 1591 omnibns
860 1534 1041 1590 Orientalibus

249 1629 382 1701 episcopis
396 1628 540 1695 hahuisse,
554 1637 583 1683 et
600 1628 626 1682 in
646 1627 835 1683 communione
855 1625 937 1696 ipsius
956 1641 1041 1695 usque

249 1716 283 1772 ad
300 1718 400 1773 exitum
417 1718 596 1787 permansisse
615 1716 751 1788 professus
769 1724 820 1772 est.
836 1713 874 1769 Ex
889 1732 944 1786 quo
958 1731 1040 1787 appa·

1094 531 1167 598 daut,
1179 531 1346 601 primamque
1357 533 1528 590 confirmans.

1131 645 1163 701 Et
1175 647 1237 718 quia
1258 647 1336 703 nohis
1349 649 1383 705 dc
1402 648 1550 707 Ezechielis
1566 665 1703 725 propnetae
1718 656 1809 712 serbis
1822 658 1882 726 ohji

1093 739 1164 792 citur
1180 740 1254 806 illud,
1268 740 1339 811 quod
1359 740 1393 795 ad
1415 743 1569 798 sacerdotes
1590 743 1737 801 Jerusalem
1758 749 1885 803 maluma

1093 831 1165 886 boun
1179 848 1232 886 non
1248 833 1433 888 discernentes
1448 850 1480 888 cr
1501 850 1615 905 persona
1631 836 1736 892 Domini
1751 838 1857 893 dicebat
1877 856 1883 892 ε

1096 920 1251 977 Sacerdotes
1272 924 1329 994 ejus
1345 934 1494 991 sperneretis
1506 926 1585 996 irpem
1608 944 1690 980 meam
1705 930 1885 1001 coinquinare-

1093 1021 1154 1063 runt
1167 1021 1346 1075 cunctamen:
1364 1014 1430 1066 inter
1451 1024 1570 1068 annrttnn
1585 1026 1608 1067 et
1621 1016 1745 1087 poliutum
1763 1035 1814 1073 non
1829 1019 1883 1071 dis·

1096 1098 1261 1170 linquebunt,
1272 1136 1275 1141 >
1285 1115 1309 1154 et
1324 1102 1390 1155 inter
1410 1104 1521 1156 medinm
1537 1106 1625 1157 numdi
1639 1117 1665 1158 et
1683 1106 1810 1160 immundi
1834 1123 1883 1161 tren

1092 1190 1258 1245 secernebant
1271 1190 1378 1263 (Erech.
1396 1194 1472 1259 xxti).
1491 1195 1574 1249 netur
1587 1205 1674 1250 restra
1688 1198 1774 1266 pietas
1786 1199 1884 1268 paritor

1092 1279 1231 1335 nobiscum
1255 1293 1282 1337 ct
1298 1286 1484 1339 unirersorum
1498 1286 1580 1340 corda
1597 1286 1714 1340 lldelium
1729 1304 1762 1342 er
1778 1288 1818 1341 his
1829 1304 1884 1343 rer·

1091 1369 1133 1423 bis
1147 1372 1301 1435 aduertere,
1323 1373 1383 1426 ileo
1399 1389 1451 1426 troo
1475 1375 1575 1429 audere
1599 1373 1827 1431 Chalcedonensis
1840 1394 1883 1449 sy-

1093 1465 1156 1520 nodi
1172 1476 1321 1523 retractare
1339 1467 1480 1536 judicium,
1507 1486 1540 1525 ne
1561 1470 1659 1525 ibidem
1682 1472 1881 1527 considentibus

1091 1556 1276 1613 sacerdotibus
1291 1559 1340 1613 ista
1358 1560 1451 1630 (quod
1470 1561 1558 1630 absit)
1572 1563 1606 1616 ab
1620 1562 1806 1618 hereticorum
1820 1565 1881 1618 insi-

1091 1645 1143 1700 diis
1154 1647 1257 1701 oracula
1273 1647 1395 1702 innuatur
1409 1668 1415 1703 :
1431 1659 1460 1703 ut
1472 1665 1520 1705 eos
1535 1650 1605 1704 inter
1616 1659 1740 1706 sanctum
1755 1661 1782 1706 et
1796 1653 1881 1723 pollu-

1093 1744 1159 1801 tum,
1175 1744 1202 1788 et
1223 1735 1293 1791 inter
1307 1736 1423 1792 mediam
1447 1738 1538 1793 mnudi
1562 1746 1589 1795 et
1609 1739 1737 1795 immundi
1757 1758 1811 1796 non
1834 1758 1881 1813 po·

249 1816 291 1861 ¹0²
305 1806 428 1862 eumdem
443 1804 529 1873 ΠΜ,
544 1812 570 1861 ⁸¹
589 1805 744 1876 priusquam
765 1803 906 1860 ‘llffldffssiffl
924 1806 1040 1875 cilffl'l'i
1058 1814 1078 1871 Β
1093 1827 1175 1882 tuisse
1193 1827 1346 1883 discernere
1369 1831 1554 1893 criminentur,
1569 1831 1591 1885 si
1613 1846 1663 1886 nos
1682 1831 1762 1885 morio
1786 1847 1880 1887 causas

250 1895 321 1951 beati
341 1895 433 1967 Cpriili
454 1896 626 1965 intelligeret,
642 1906 744 1952 etcum
765 1896 790 1950 in
806 1895 845 1951 cis
862 1897 1042 1966 suspicaretur
1079 1918 1211 1987 ¹„puppem
1225 1928 1326 1976 sam
1347 1921 1440 1991 synopi
1457 1937 1517 1975 cum
1531 1937 1664 1977 consensu
1684 1922 1757 1977 Μὴ
1771 1932 1880 1992 amp„

250 2001 331 2041 unam
351 1985 451 2041 Christi
471 1986 610 2056 predicari
632 1995 765 2052 naturam,
787 1988 939 2044 orthodoxo
959 2004 1040 2044 sensu
1092 2009 1150 2064 pm,
1162 2008 1264 2078 judicio
1279 2012 1443 2076 mmmm,
1461 2013 1511 2066 s„p
1524 2011 1644 2083 ,puppim
1657 2012 1880 2068 occaspowpdp

249 2075 321 2146 quod
334 2075 404 2131 ruale
424 2075 524 2133 dictum
537 2077 739 2132 existimaverat
751 2079 924 2148 reprobasse,
939 2089 966 2133 et
979 2090 1042 2149 post

248 2165 465 2236 explanationem
475 2165 631 2221 cortrandem
644 2166 796 2222 orthodoxo
806 2182 886 2222 sensu
896 2180 956 2238 qnae
966 2176 1041 2225 recte

248 2256 318 2310 ‹tieta
334 2263 500 2323 cognoverat
516 2255 705 2311 uenerabiliter
718 2257 879 2327 suscepisse.

283 2342 336 2398 Sed
349 2353 377 2399 et
388 2343 452 2399 illud
466 2343 648 2400 indubitanter
657 2353 815 2401 cunctorum
828 2344 945 2402 lidelinm
962 2363 1038 2404 meu·

249 2436 319 2490 obus
332 2444 416 2506 patet,
427 2436 499 2505 quod
514 2434 598 2504 magis
622 2436 648 2490 iu
664 2434 798 2506 Ephesiam
820 2440 939 2494 secunda
954 2439 1040 2495 barre·

247 2532 301 2583 tice
317 2528 456 2585 intellectu
474 2528 618 2583 Dioscorus
637 2542 699 2583 euru
721 2526 868 2599 Eutychete
882 2528 962 2584 beato
985 2528 1038 2601 Cy-

248 2619 309 2676 rilln
329 2628 357 2676 et
382 2620 468 2690 primo
482 2616 618 2690 Ephesiae
641 2617 757 2673 concilio
770 2618 948 2674 contumelias
970 2619 1039 2675 irro-

246 2714 345 2784 garint,
356 2713 402 2783 qui
416 2712 589 2768 crediderunt
603 2720 725 2767 sanctum
746 2710 875 2783 Cyrillum
898 2726 976 2766 uuam
993 2727 1038 2766 na-

247 2812 335 2860 turam
349 2804 377 2859 in
390 2803 505 2859 Domino
520 2802 577 2857 Deo
599 2795 766 2858 nostro'iesu
778 2800 885 2858 Christo
905 2817 954 2873 per
968 2802 1036 2858 duo·

246 2897 333 2954 decim
352 2913 400 2953 sua
415 2897 574 2968 praedicasse
588 2896 704 2966 capitula
727 2912 734 2948 a
757 2904 785 2950 et
807 2897 843 2951 ob
856 2896 907 2952 boc
932 2895 1038 2965 aliquos

245 2988 399 3045 orientales
413 2989 565 3061 episcopos,
581 2989 626 3061 qui
650 2988 728 3044 utrius
742 2997 845 3044 naturae
867 2988 1037 3060 predicatio·

244 3097 307 3137 netu
325 3080 470 3137 uoluerunt
483 3080 632 3149 suscipere,
657 3078 801 3135 Dioscorus
822 3078 1034 3135 condemnarit:

1090 2102 1144 2156 rint
1167 2109 1325 2159 retractare.
1351 2102 1497 2174 Propterea
1522 2117 1587 2172 ergo
1610 2104 1778 2174 disciplinam
1801 2114 1880 2173 atque

1087 2197 1216 2265 iudicium
1231 2206 1385 2254 sauctorum
1401 2196 1510 2252 Datrum
1524 2212 1573 2252 nos
1589 2197 1614 2252 io
1629 2198 1753 2254 omnihus
1771 2213 1880 2253 conscr-

1090 2297 1194 2352 rantes,
1216 2299 1244 2346 et
1257 2305 1346 2346 rerum
1369 2289 1487 2344 omniunt
1509 2289 1712 2359 dispositionem
1733 2288 1878 2344 scrinulum

1089 2395 1148 2435 eam
1160 2395 1241 2451 quam
1255 2380 1392 2436 reddimus
1409 2379 1539 2434 rationem
1554 2394 1588 2433 ex
1598 2375 1827 2434 Chalcedonensis
1839 2392 1880 2448 sy·

1090 2471 1151 2527 nodi
1160 2471 1261 2541 judicio
1272 2470 1436 2526 declaratam
1452 2484 1512 2524 cunr
1527 2468 1593 2524 satis
1607 2467 1775 2539 apertissima
1790 2468 1879 2522 lanceat

1088 2562 1211 2628 veritate,
1227 2577 1261 2617 ex
1275 2561 1366 2615 rerhis
1386 2560 1507 2633 epistolae
1521 2560 1571 2614 riri
1587 2559 1749 2615 venerahilis
1762 2557 1815 2614 lbcc
1836 2574 1878 2612 re·

1087 2652 1206 2708 ctissime
1217 2667 1249 2707 ae
1261 2652 1381 2721 piissimo
1394 2651 1532 2705 intellectu
1545 2650 1704 2721 perspectis,
1716 2657 1743 2703 et
1753 2664 1785 2703 er
1797 2650 1879 2719 gestis

1088 2744 1158 2814 apud
1174 2742 1298 2798 Photium
1319 2752 1346 2798 et
1367 2741 1537 2797 Eustathium
1562 2740 1675 2805 habitis,
1690 2749 1719 2796 et
1736 2754 1771 2796 cx
1796 2741 1877 2811 ipsius

1088 2835 1140 2891 lbcc
1152 2835 1271 2905 episcopi
1290 2834 1432 2904 paesentis
1445 2851 1460 2888 a
1473 2832 1651 2904 praesentibus
1661 2833 1811 2888 intentione
1825 2832 1878 2889 dis·

1087 2942 1180 2993 euna,
1205 2925 1300 2982 Patres
1315 2935 1421 2982 nostros
1434 2926 1460 2980 in
1479 2924 1651 2981 Chalcedone
1670 2923 1818 2980 residentes
1834 2924 1877 2994 ju·

1087 3017 1203 3072 stissime
1226 3016 1403 3071 orthodoram
1429 3014 1549 3085 ejusdem
1572 3014 1622 3070 riri
1642 3015 1803 3071 uenerabilis
1826 3013 1877 3069 lhar

1087 3111 1205 3181 episcopi
1222 3111 1410 3180 pronuntiasse
1421 3108 1548 3173 hdenr,et
1557 3108 1793 3179 reprehensionem
1804 3107 1876 3163 beati

245 3170 315 3226 inter
328 3185 397 3239 quos
411 3180 438 3227 et
456 3169 528 3226 lbani
545 3170 700 3240 episcopum
722 3179 834 3241 propter
847 3170 917 3226 hanc
930 3171 1035 3242 specia-
1048 3179 1071 3242 (ζ
1086 3199 1193 3272 cyrini,
1210 3216 1290 3271 quam
1314 3200 1469 3255 humanm,
1481 3214 1530 3269 per
1549 3213 1670 3254 morem
1693 3197 1877 3266 inpeppgempae

244 3263 305 3318 liter
319 3262 380 3320 lidei
391 3262 448 3333 cjm
459 3261 664 3334 professionem,
677 3277 728 3332 qua
743 3262 810 3318 duas
822 3272 941 3331 naturas,
952 3279 1035 3320 unam
1084 3292 1207 3346 evenisse
1221 3299 1422 3360 cognoveram,
1443 3302 1562 3359 ,ongum
1582 3289 1769 3345 missalium,
1782 3302 1878 3360 pum„

244 3354 383 3420 uirtutem,
397 3369 477 3408 urrant
492 3368 644 3424 personam,
658 3352 731 3422 quod
750 3362 792 3408 cst
806 3351 1034 3408 unusFiliusDo-
1084 3390 1140 3436 ,nm
1163 3400 1170 3436 Ζ
1189 3383 1329 3453 prmus
1350 3383 1492 3437 semem
1515 3389 1615 3436 nom
1638 3379 1799 3436 mmm
1821 3386 1878 3433 spa·

201 3444 206 3455 '
244 3443 333 3498 miuus
346 3452 439 3500 noster
452 3442 530 3499 iesus
542 3442 674 3509 Christus,
691 3443 860 3514 apertissime
879 3443 1031 3510 coafitetur,
1084 3473 1182 3528 mimus
1192 3482 1273 3542 alque
1287 3471 1464 3534 decemimus,
1474 3486 1535 3526 eum
1548 3471 1575 3525 in
1586 3471 1784 3534 omnibuwm
1794 3469 1877 3523 emm

242 3531 399 3635 'Qucum
425 3534 629 3598 ⁰⁰¹¹d⁰m¹¹³⁹i²3
664 3543 691 3588 ει
718 3531 894 3604 Ευῑῖοῂοῑθω
922 3542 1034 3604 pmpm
1083 3566 1110 3620 in
1124 3566 1221 3636 sepius
1233 3573 1381 3620 memorata
1392 3562 1555 3618 venerabilis
1568 3561 1622 3617 lbae
1633 3561 1748 3632 epistola
1761 3561 1877 3615 inteme-

243 3639 321 3681 ttmus
340 3633 444 3682 raaturoe
461 3627 678 3696 predicationem
694 3628 763 3682 sicut
776 3627 938 3683 catholicum
953 3644 1033 3684 reno·
1082 3662 1170 3709 ,amm
1193 3651 1304 3709 patrum
1323 3653 1353 3709 pn
1374 3651 1547 3708 chalcedone
1567 3649 1741 3706 mmmm
1765 3663 1877 3705 manem

240 3714 321 3779 cavit,
342 3716 474 3771 darnuans
493 3732 601 3788 quoque
623 3727 734 3788 propter
747 3717 860 3771 duarum
874 3726 1031 3774 naturarum
1079 3741 1221 3812 judicium,

241 3821 335 3860 rocem
351 3814 449 3861 sarrctm
464 3805 660 3864 recordationis
673 3807 791 3861 Flaviani
807 3822 950 3878 personam
974 3826 981 3862 ε
1003 3818 1032 3864 et

240 3896 365 3953 inuentus
388 3906 430 3953 cst
454 3899 511 3969 ipse
534 3899 620 3967 tnagis
634 3897 777 3954 Dioscorus
801 3897 961 3970 Ephesinam
975 3901 1031 3971 pri-

228 4002 312 4043 ·rnunr
326 3990 458 4061 synodum
473 3990 566 4044 conari
580 3989 729 4058 destruere,
754 3993 799 4061 qui
815 4007 875 4047 earn
888 3994 938 4048 suh
952 4009 1031 4049 erse-

239 4082 346 4138 crabilis
362 4082 514 4139 intellectus
529 4083 645 4153 imagine
669 4083 842 4152 defendebam
865 4092 894 4143 et
916 4086 1031 4158 amplius

239 4175 348 4231 beatum
361 4176 490 4249 Cyrilium
514 4176 671 4232 criminatus
690 4187 731 4233 cst
754 4177 866 4233 laudans
885 4178 1030 4235 Dioscorus

239 4273 320 4337 atque
334 4264 483 4339 Eutyches,
498 4281 578 4336 quam
593 4265 654 4323 lhas
676 4264 725 4323 suh
740 4266 798 4323 salsi
812 4267 963 4324 intellectus
986 4287 1031 4326 er·

239 4371 301 4412 rarre
312 4355 479 4428 vituperans.
496 4357 617 4427 Namque
630 4373 691 4413 curn
704 4358 762 4412 laus
772 4367 853 4429 atque
866 4358 1029 4430 uituperatio

238 4447 274 4502 ad
285 4465 366 4505 unum
382 4449 525 4506 tenderent
546 4449 731 4515 intellectum,
747 4449 891 4506 Dioscorus
903 4459 931 4506 et
952 4451 1030 4525 liutp-

239 4541 313 4605 ches,
329 4541 375 4610 qui
391 4539 577 4605 laudaverunt,
594 4540 720 4595 haeretico
734 4540 829 4610 spiritu
851 4540 972 4596 laudasse
985 4559 1028 4597 re·
1045 4555 1068 4615 p

238 4629 306 4699 perti
321 4637 394 4693 suut,
409 4637 489 4698 atque
508 4629 569 4685 ideo
583 4637 647 4684 sunt
668 4644 683 4683 a
708 4637 801 4684 sancta
812 4627 1028 4686 Chalcedonensi

1116 3854 1344 3925 Necquemquam
1358 3855 1393 3909 ad
1406 3852 1515 3933 ordines
1526 3861 1554 3910 et
1577 3852 1722 3921 dignitates
1745 3848 1877 3907 ecclesia-

1081 3950 1162 4005 sticas
1171 3948 1352 4018 pertinentem
1361 3946 1415 4003 boc
1427 3947 1575 4002 constituto
1589 3953 1684 4001 nostru
1696 3943 1877 4015 permittimus

1081 4039 1226 4110 aliquando
1247 4052 1429 4110 presumere,
1445 4037 1488 4092 rel
1508 4052 1591 4109 super
1610 4034 1730 4106 ejsudem
1753 4033 1877 4105 epistoim

1082 4132 1229 4201 negotium,
1243 4131 1287 4187 rel
1311 4130 1371 4186 aliis
1394 4130 1422 4185 in
1434 4129 1648 4186 Chalcedonensi
1671 4127 1788 4183 coneilio
1807 4142 1876 4182 con·

1080 4240 1161 4281 senisu
1174 4224 1336 4279 vicariorum
1349 4222 1420 4279 sedis
1434 4221 1590 4293 apostoliam
1607 4219 1733 4287 iudicatis
1745 4260 1754 4286 ,
1768 4218 1876 4274 ordina·

1080 4318 1126 4384 tis,
1147 4314 1274 4381 delinitis,
1297 4322 1377 4383 atque
1390 4312 1538 4383 dispositis,
1561 4321 1688 4380 tanquam
1711 4308 1876 4380 imperfectis

1081 4417 1162 4478 atque
1175 4406 1441 4477 reprehensibilibus,
1456 4406 1513 4461 sire
1526 4420 1575 4474 per
1588 4401 1877 4466 additamentum,sirc

1081 4513 1129 4567 per
1141 4497 1357 4564 diminutionem,
1371 4495 1429 4550 sire
1442 4510 1491 4566 per
1501 4495 1731 4556 immutationem,
1745 4493 1788 4549 rel
1801 4507 1876 4562 quo-

1079 4600 1134 4654 quo
1148 4587 1228 4641 niodo
1242 4585 1340 4654 aliquid
1353 4584 1502 4639 temerarie
1516 4584 1642 4639 novitatis
1656 4583 1765 4639 inferre.

238 4720 343 4791 syuodo
356 4720 491 4786 darunati;
504 4728 532 4775 at
545 4736 609 4775 roro
623 4719 847 4790 lhasepiscopus,
860 4720 906 4788 qui
927 4736 975 4790 pcr
988 4737 1029 4775 er·
1115 4717 1174 4773 Pari
1195 4718 1299 4773 ratione
1320 4718 1501 4785 decernimus,
1525 4734 1560 4772 ne
1583 4720 1724 4788 pruisquam
1749 4717 1877 4790 epistota

237 4827 337 4875 rorem,
353 4828 433 4866 unam
448 4820 546 4882 putans
561 4812 586 4865 iu
599 4811 642 4867 his
656 4811 796 4882 predicari
806 4819 940 4877 naturam,
955 4811 1029 4881 prius
1078 4802 1150 4863 beati
1164 4809 1265 4881 Cyrilli,
1291 4810 1334 4864 cui
1355 4809 1496 4864 duodecim
1518 4818 1581 4863 snat
1602 4810 1722 4879 subjecta
1741 4809 1877 4880 capitula,

237 4902 399 4971 vituperavit
410 4903 537 4972 capitula,
552 4911 651 4974 etpost
674 4902 839 4959 deciaratum
859 4900 908 4956 sibi
922 4901 1029 4956 intelle·
1079 4901 1121 4954 rel
1136 4900 1200 4970 ipsis
1213 4900 1346 4970 capitibus
1368 4900 1499 4957 adsersus
1512 4900 1626 4957 Nestorii
1651 4903 1789 4971 pennatam
1806 4918 1876 4970 pro·

236 5006 310 5049 etunr
323 5010 428 5061 eurum,
443 4996 700 5051 cotrmtunieaturcm
716 5009 745 5050 se
759 4994 830 5049 beati
855 4992 946 5065 Cyrilli
965 5009 1026 5047 curu
1079 4992 1206 5060 mitigatis
1220 4991 1354 5048 existimet
1373 4992 1577 5060 derogandum:
1593 5002 1654 5047 carm
1669 5003 1775 5046 errrrstet
1793 5009 1877 5047 error-

236 5085 361 5141 onmibus
374 5082 555 5141 Orientalibus
566 5100 625 5142 esse
640 5086 776 5156 professus
790 5095 841 5150 cst,
854 5094 882 5139 et
896 5086 922 5140 in
937 5086 1029 5140 catlao·
1079 5081 1139 5135 dem
1152 5072 1236 5148 lb‘am,
1248 5081 1288 5136 rol
1303 5083 1371 5138 inter
1385 5082 1636 5139 onmestinematcs
1648 5084 1799 5155 episcopos,
1809 5093 1877 5152 post
1973 5110 1974 5113 η

235 5176 293 5230 lice
304 5175 364 5231 lirici
379 5175 542 5232 rectitudine
553 5180 586 5231 ab
597 5176 692 5233 eadem
703 5174 1027 5248 Chalcedonensisynodo
1077 5173 1249 5242 explanatum
1263 5172 1313 5228 sibi
1328 5173 1484 5228 eorumdem
1499 5174 1677 5242 capitulorum
1692 5174 1874 5237 intellectum,

233 5266 368 5336 iudicatus
381 5277 423 5323 est
432 5269 625 5338 permansisse.
642 5265 705 5322 lime
725 5281 789 5335 ergo
800 5265 892 5321 eaelum
907 5267 1027 5339 synodus
1076 5264 1147 5319 heati
1161 5264 1251 5336 Cyrilli
1266 5265 1522 5320 communicatorem
1532 5263 1659 5319 totoritae
1672 5264 1731 5334 ejus
1746 5274 1878 5334 tenpore

234 5360 261 5414 in
276 5359 404 5417 Dioscoro
416 5372 497 5431 atque
509 5360 664 5434 Eutycirctc,
674 5361 719 5430 qui
730 5376 760 5416 sc
774 5360 841 5416 laiso
855 5376 904 5431 per
914 5362 1023 5419 beatum
1076 5358 1267 5432 permansisse,
1284 5359 1452 5427 abjicientem
1466 5375 1508 5419 ea,
1525 5366 1553 5413 et
1564 5373 1579 5412 a
1591 5358 1647 5412 reri
1663 5358 1814 5414 intellectus
1830 5374 1878 5412 re·

232 5448 362 5521 Cyrilluur
378 5451 510 5507 velaudnc
526 5460 618 5522 tegere
637 5451 802 5513 nitebantur,
819 5451 912 5506 ridens
933 5453 1024 5522 potius
1075 5453 1204 5507 ctitudiue
1219 5453 1408 5521 repellentem,
1425 5451 1451 5505 in
1466 5452 1563 5521 quibus
1578 5450 1622 5506 rel
1636 5466 1670 5507 ex
1686 5451 1877 5520 suprascripta

233 5537 306 5593 beati
318 5538 409 5610 Cyrilli
424 5540 660 5611 predicationibus
677 5540 832 5597 Dioscurum
845 5549 925 5609 atque
942 5540 1025 5615 Euty·
1075 5545 1188 5615 epistola
1201 5548 1278 5598 unius
1291 5545 1342 5599 lbae
1363 5545 1494 5615 episcopi,
1509 5545 1552 5599 vel
1565 5560 1597 5600 er
1613 5544 1738 5599 omnihus
1758 5558 1819 5614 quae
1845 5546 1877 5600 in

233 5628 339 5684 chetetn
351 5645 482 5699 apparere
492 5633 653 5688 contrarios.
666 5647 715 5702 per
725 5632 777 5687 hoc
788 5631 859 5701 quod
871 5646 951 5686 uuam
963 5641 1024 5701 post
1074 5644 1166 5689 sancta
1180 5636 1283 5706 syuodo
1296 5633 1509 5690 Chalcedonensi
1522 5634 1653 5703 judicata,
1666 5635 1801 5701 ordinata,
1820 5635 1878 5689 dc·

233 5719 423 5772 alienationem
447 5729 568 5774 oraturam
597 5720 754 5793 blasphemo
780 5721 875 5791 spiritu
898 5719 1025 5790 praediea-
1076 5725 1149 5779 ltnita
1165 5734 1246 5794 atque
1261 5726 1390 5795 disposita
1414 5736 1493 5794 sunt,
1516 5730 1550 5782 ita
1575 5728 1720 5798 quidquam
1746 5732 1876 5798 aptatur,

234 5809 307 5871 barat,
325 5808 404 5863 simili
419 5817 499 5879 atque
514 5811 607 5866 cadem
623 5813 779 5870 Dioscorutu
793 5828 852 5869 cunr
875 5810 1024 5884 Eutpcbete
1076 5826 1121 5871 aut
1135 5833 1183 5887 pcr
1198 5817 1386 5873 auctoritatem
1402 5818 1521 5887 ejusdcm
1537 5817 1630 5890 synodi
1650 5828 1696 5872 aut
1710 5830 1877 5891 perversum
