4059 6184
205 207 261 269 439
776 201 815 257 ll.
837 199 1009 260 sanetius
1027 203 1270 264 csssmoones.
1789 218 1844 277 isa

207 332 238 379 nt
250 336 314 377 enm
327 320 398 378 inter
408 320 513 391 legatos
530 317 564 375 ad
578 313 802 399 Attilamllome
816 315 1000 399 imminentem
1016 321 1039 379 ,l
1052 316 1135 374 ltaliae
1148 317 1232 375 lactas
1245 318 1399 378 divisiones.
1414 322 1468 382 Nee
1483 324 1573 383 lorsan
1601 326 1684 411 ipsios
1697 328 1844 388 Cassidioii

206 394 305 449 missas
327 390 491 463 praeeipuam
505 388 628 458 elegerit.
651 384 718 455 Quis
731 396 821 468 autern
841 385 922 442 luerit
945 394 1007 459 min,
1054 389 1137 468 rerba
1152 390 1346 461 perpendebat,
1361 394 1407 449 ubi
1430 403 1485 451 tani
1500 397 1615 467 eleganti
1629 397 1734 456 calamo
1749 404 1844 471 patriae

227 462 367 520 ericulosaa
380 462 408 517 in
426 459 611 516 afflictissimis
624 470 656 513 aa
670 456 728 513 iere
742 456 854 527 perditis
868 457 948 512 rebus
968 457 1002 513 ad
1054 468 1134 513 sitnm
1147 461 1358 533 amoenissimum
1373 464 1466 535 pingit,
1482 475 1512 522 ut
1521 467 1578 536 ejus
1594 468 1638 525 bie
1651 470 1732 525 rerba
1746 470 1769 525 si
1780 471 1845 526 sub·
1889 517 1904 541 ,

126 588 130 595 ,
218 532 404 590 siccissimum
426 531 557 587 merorem
577 526 720 598 legationis
738 524 1003 592 esitus,al'lieodo·
1051 528 1145 598 jecero
1160 527 1257 601 (lipist.
1279 530 1323 598 lb,
1345 533 1391 588 tin.
1406 536 1466 605 xii),
1485 545 1639 606 pergratum
1662 539 1759 596 lectori
1786 541 1846 597 iore

207 604 266 660 rioo
277 602 337 672 ipso
350 601 444 671 accipe
456 598 591 683 (ibidem).
617 616 631 681 .‘
648 597 689 653 hil
706 594 829 680 Attilam,
844 596 940 679 inquit,
953 611 1003 680 po·
1052 597 1197 681 coeddam.
1212 619 1222 654 s
1236 600 1397 674 scyllacium
1406 604 1492 675 prima
1503 606 1608 662 urbium
1618 608 1779 672 Brutiorum,
1793 626 1846 693 pa-

148 706 152 715 ·
207 683 312 729 tentem
335 687 472 728 armorum
498 670 640 739 legationis
662 676 705 724 est
728 666 818 724 allicio
845 682 899 722 non
926 674 1003 723 irrite
1053 670 1161 725 niuuca
1182 685 1232 727 nas
1254 673 1384 742 probatur
1395 672 1538 732 affectione
1549 677 1727 748 contingere:
1747 679 1845 737 ciuitas

208 743 376 808 destinatus:
388 739 713 811 riditintrepidiss,queni
726 736 1002 807 timebatimperium:
1053 752 1134 809 snpra
1158 739 1246 796 sionni
1260 742 1424 798 Adriaticum
1446 748 1593 802 constituta
1615 748 1642 802 lii
1657 749 1766 805 modum
1785 750 1839 804 Bn-

207 813 291 869 iacies
302 812 362 867 illas
376 810 510 867 terribiles
524 814 553 865 et
571 810 691 864 minaces
709 806 794 863 fietus
815 807 931 863 serinia
954 805 1004 863 de·
1053 809 1150 864 trionis
1163 811 1262 879 pendet
1283 812 1309 867 in
1323 814 1451 881 callibus;
1474 828 1530 875 nori
1543 814 1724 885 quoddiilieili
1749 834 1844 874 aseen-

207 883 312 966 spexit;
336 897 387 938 nee
409 879 542 963 dubitarit
563 877 622 948 ejus
639 877 860 959 slteroationibos
882 875 1002 957 obviare,
1052 879 1130 934 sione
1144 887 1288 950 turgescat,
1304 882 1391 939 sednt
1402 885 1563 968 voluptuose
1588 902 1699 959 campos
1713 888 1843 956 virentes,

207 945 1003 1099 titillantibustililnl‘tlblttlffll
1054 950 1847 1089 timiitbttbtttt{illlisiitlitltlia

209 1093 320 1161 reliquit
341 1092 491 1163 placatum
513 1101 541 1145 et
563 1089 744 1146 calumniosas
756 1103 815 1157 epus
828 1086 1003 1156 allegationes
1054 1090 1192 1161 premittit
1202 1106 1327 1148 auroram
1337 1111 1344 1154 ;
1356 1092 1404 1149 sed
1418 1110 1481 1151 mox
1491 1106 1521 1152 ut
1533 1097 1596 1152 oriri
1611 1099 1845 1172 coeperit,lampa·

209 1170 287 1219 tanta
301 1162 415 1218 veritate
427 1159 572 1227 destruxit,
596 1167 627 1214 nt
648 1158 778 1215 voluisset
792 1158 905 1238 gratiani
926 1170 1002 1227 qnae·
1053 1160 1115 1215 dem
1129 1175 1204 1214 snam
1218 1160 1326 1218 uibrans
1337 1163 1425 1233 luigni
1437 1166 1564 1221 ostendit.
1577 1165 1743 1224 Gaudentem
1757 1171 1845 1239 respi-

209 1247 283 1298 rere,
297 1232 340 1289 eiii
353 1231 515 1303 expediebat
524 1244 618 1301 pacem
628 1243 690 1285 cuni
704 1242 789 1298 regna
801 1226 934 1283 ditissimo
947 1242 1002 1284 non
1053 1230 1091 1285 eit
1104 1228 1245 1299 Phoebum,
1259 1233 1368 1303 propria
1393 1235 1447 1290 illic
1466 1234 1572 1291 luminis
1585 1237 1708 1293 claritate
1722 1240 1845 1308 resplen-

210 1303 321 1358 babere.
337 1301 464 1371 Erigebat
474 1299 626 1356 constantia
639 1314 687 1354 sua
701 1306 792 1369 paries
802 1298 937 1361 timentes,
952 1311 1003 1354 nec
1054 1299 1114 1365 det,
1130 1310 1160 1355 nt
1178 1302 1237 1371 ipsa
1256 1303 1341 1372 magis
1362 1305 1427 1359 solis
1465 1313 1627 1361 ntetnresse
1641 1309 1737 1378 patria,
1754 1308 1832 1365 llhad

211 1373 333 1429 iinbelles
346 1381 409 1427 sunt
420 1370 526 1451 crediti,
539 1368 587 1495 aui
609 1369 704 1438 legatis
726 1368 822 1450 talibus
844 1366 1004 1451 videbantur
1054 1370 1181 1441 opinione
1188 1386 1219 1426 sa
1255 1379 1322 1427 rata.
1335 1320 1676 1447 Fruiturffueeperspicum
1692 1379 1762 1434 aeris
1776 1395 1845 1450 quo

211 1441 427 1499 urinari.Pncem
440 1441 531 1496 retulit
558 1447 725 1510 esperatiimi
740 1437 1003 1508 copinlegatinquid
1054 1453 1108 1507 que
1122 1446 1211 1511 tempe
1275 1442 1386 1507 donata,
1406 1445 1512 1513 apricas
1530 1446 1642 1509 hiemes,
1670 1447 1844 1517 refrigeratas

211 1513 358 1583 profecerit
376 1511 456 1567 datur
470 1510 592 1579 intelligi,
616 1524 677 1579 qum
692 1517 795 1564 tantum
810 1515 852 1564 est
864 1515 1003 1578 gratanter
1054 1510 1136 1565 sentit
1159 1520 1284 1578 aestatem
1308 1521 1338 1568 et
1358 1514 1417 1569 sine
1427 1516 1517 1585 aliqua
1542 1531 1658 1572 macrore
1677 1518 1844 1589 transigitur,

211 1593 325 1653 excepta
358 1591 468 1637 uantum
481 1588 511 1635 et
521 1580 662 1637 ridebatur
675 1585 767 1650 aptata
781 1596 804 1633 .i
1055 1580 1100 1635 ubi
1112 1579 1207 1636 iniesta
1222 1590 1342 1651 tempora
1358 1599 1411 1639 non
1427 1585 1564 1651 timentur,
1576 1595 1649 1641 ete.»

248 1652 341 1724 Neque
374 1654 400 1708 ic
411 1650 632 1707 dissimulandum
645 1656 746 1720 quanta
758 1646 839 1704 luerit
848 1645 1002 1704 cassiodori
1091 1649 1163 1724 §tlt
1179 1651 1330 1707 Rauennam
1344 1670 1396 1708 nan
1409 1671 1465 1709 esse
1477 1656 1590 1725 patriam
1604 1655 1763 1713 cassiodori.
1777 1657 1846 1715 Ver·

211 1724 332 1796 paternis
356 1723 383 1779 iii
405 1721 528 1777 laudibus
548 1719 707 1787 moderatio,
732 1734 793 1775 cuin
807 1719 892 1800 saneti
906 1717 1003 1775 heatus
1019 1691 1042 1750 B
1056 1720 1098 1801 his
1113 1729 1168 1775 tam
1193 1722 1343 1801 exquisitis,
1363 1724 1460 1792 quibos
1473 1726 1540 1781 sitos
1560 1728 1801 1797 opportunitatem.
1816 1738 1845 1785 et

211 1806 492 1920 latitat-llil
505 1790 640 1931 thalli
648 1788 1004 1925 instillabant
1055 1788 1847 1935 illittlltltitilliltlitlttl“iustitiis

211 1879 581 2061 titiis⁶ititl‘iti³ti{tttil
593 1900 1005 2069 “illiti-albitius}
1056 1930 1143 2057 ”liti
1158 1930 1573 2059 lltlttttithlb‘ltlt
1589 1937 1846 2063 q⁰is⁶²⁸⁵‘⁰‘¹il''¹i·

213 2074 339 2131 obeundo
361 2088 473 2128 munere
496 2015 762 2153 iirgiulta'mqnayurerit
774 2015 885 2151 olerum
898 2068 1005 2125 Cassio·
1056 2016 1111 2126 god
1125 2071 1159 2125 ab
1169 2086 1202 2126 ea
1214 2069 1292 2154 facile
1302 2047 1476 2137 deducenti.
1488 2077 1510 2130 si
1522 2022 1674 2133 officim}
1687 2022 1847 2134 aaliplfieeiti‘a'ni

213 2145 273 2219 dari
286 2152 364 2214 pater
375 2162 382 2198 ς
393 2158 475 2214 quem
486 2157 551 2199 sane
565 2156 619 2225 nan
632 2156 731 2223 minari
746 2140 789 2195 lan
810 2139 942 2209 edignnm
953 2153 1005 2209 ego
1056 2154 1112 2195 nan
1131 2141 1214 2196 semel
1229 2158 1256 2224 iii
1268 2145 1374 2267 seriptis
1389 2143 1470 2215 (Vei.
1485 2146 1530 2200 lib.
1546 2162 1566 2210 l,
1613 2192 1618 2201 .
1634 2148 1666 2214 ³3
1681 2148 1726 2203 lib.
1744 2162 1791 2210 xii,
1803 2165 1846 2219 ep.

212 2215 337 2278 eliserim,
362 2214 435 2284 quod
449 2222 674 2269 remunerationis
688 2210 748 2266 loeo
762 2210 796 2265 ab
809 2210 870 2265 aula
888 2210 923 2265 nd
937 2208 1006 2264 Bru·
1058 2209 1160 2280 detlbl
1169 2211 1275 2268 Brittios
1285 2222 1311 2268 et
1346 2216 1514 2280 sicaniamut
1525 2163 1615 2272 asis‘ss
1624 2219 1710 2274 salum
1721 2219 1850 2291 patriani·

212 2287 276 2352 tias,
300 2286 334 2343 ab
356 2283 479 2354 improbo
497 2283 590 2338 labore
604 2278 638 2338 ad
652 2281 797 2336 honesturn
810 2281 906 2348 otium,
919 2279 953 2334 ad
966 2279 1005 2336 si·
1056 2294 1193 2350 quesitam
1203 2284 1355 2340 celebrasse
1368 2285 1615 2343 animadverterint.

214 2355 327 2411 lentium
341 2370 356 2410 a
368 2356 482 2436 strepitu
499 2368 637 2409 secessum
654 2351 687 2406 ab
702 2352 864 2433 imperatore
884 2349 1005 2430 postola-
1093 2350 1108 2420 5
1123 2350 1177 2407 Vll.
1190 2352 1230 2407 An
1242 2352 1412 2410 Casdadarns
1426 2372 1496 2412 anna
1510 2355 1564 2411 449
1583 2359 1622 2414 nel
1631 2357 1684 2413 489
1693 2366 1779 2414 sams.
1791 2357 1850 2430 0p·

212 2426 292 2481 uerit.
304 2421 490 2481 incredibilem
504 2437 570 2479 sane
582 2422 703 2478 dolorein
714 2419 901 2477 Valentiniana
913 2419 1006 2475 attulit
1059 2421 1169 2476 tandum
1189 2436 1255 2478 sane
1273 2422 1351 2490 iuret,
1362 2433 1393 2480 ut
1405 2441 1486 2496 quain
1500 2436 1653 2484 accuratum
1668 2428 1850 2486 Cassiodorus

213 2491 1006 2635 simulatilisilliblililisiiibttll·
1058 2491 1132 2632 att
1141 2493 1386 2631 inhibiti
1396 2496 1768 2636 larentinalia
1780 2509 1851 2625 iai

215 2635 433 2702 broillelrerba
448 2641 513 2689 sunt
547 2630 898 2702 heodericiipotiusnaiiac
916 2630 1007 2686 mode·
1057 2607 1385 2702 proleciodittlcultnnin'i
1405 2636 1584 2704 solverentur,
1599 2639 1852 2710 qiiibusimpliean·

213 2706 315 2760 ratione
331 2704 487 2772 ditissimus,
505 2702 660 2775 dignitatem
682 2702 823 2770 suscipiens
843 2701 963 2768 otiosam,
978 2701 1006 2756 iu
1058 2710 1102 2756 tur
1113 2703 1260 2773 scriptores
1274 2720 1342 2775 pene
1353 2721 1447 2762 omnes
1459 2709 1505 2776 qni
1519 2708 1553 2764 de
1564 2723 1598 2764 eo
1610 2711 1746 2765 memoriae
1757 2708 1852 2779 prodi·
1865 2706 1884 2745 ⁸

208 2774 430 2831 remunerationis
445 2774 529 2829 lacurn
539 2773 645 2845 expetiit
659 2772 834 2827 amenissima
846 2768 1005 2826 Bmti'arum.
1058 2772 1172 2837 derunt;
1183 2787 1299 2840 qnorum
1312 2777 1655 2847 noniiulli,utllugoslinus
1667 2779 1851 2846 Florentinis,

215 2844 322 2915 Negare
332 2845 372 2901 i'lli
394 2860 446 2899 nou
457 2843 540 2916 potnit
554 2851 670 2915 optatam
684 2842 804 2914 quietem,
821 2842 865 2914 pisi
877 2858 935 2896 cum
948 2841 1007 2896 red·
1058 2849 1087 2897 et
1097 2842 1128 2896 lt.
1141 2842 1171 2896 P.
1185 2845 1303 2915 Angelus
1317 2860 1333 2900 a
1349 2846 1422 2903 Nuce
1432 2849 1460 2903 iii
1473 2862 1523 2903 siro
1536 2848 1671 2906 Chronico
1684 2848 1851 2919 cassinensi,

216 2916 318 2971 diderm
331 2914 363 2969 ab
377 2915 485 2969 immani
504 2914 576 2969 haste
588 2928 707 2968 securum
718 2928 727 2967 .·
740 2913 821 2967 tristis
832 2910 864 2964 ab
885 2913 1006 2984 obsequio
1058 2921 1148 2967 ortum
1160 2912 1219 2983 ejus
1232 2915 1266 2969 ail
1279 2931 1378 2971 annum
1388 2917 1486 2973 Christi
1501 2917 1554 2973 489
1568 2919 1708 2976 relerunt:
1725 2919 1851 2984 liariter,

215 3003 263 3043 sisa
283 2985 396 3059 reliquit,
420 3001 494 3057 ptem
515 2982 566 3039 sibi
589 2982 763 3038 necessarium
787 2983 866 3054 [uisu
886 2983 1007 3054 sapiiaiit
1059 2980 1193 3054 inquiunt,
1207 3001 1277 3040 auno
1292 2984 1354 3054 575,
1365 2996 1436 3042 etat.
1452 3004 1507 3043 sisa
1516 2988 1561 3048 95:
1577 2997 1605 3045 et
1615 2990 1771 3046 lincolinus:
1783 2990 1856 3045 Sari·

216 3056 325 3184 (ww
971 3122 978 3136 ο
1021 3067 1044 3130 C
1059 3060 1100 3106 cto
1113 3053 1167 3124 fine
1179 3056 1271 3124 quieuit
1283 3055 1330 3110 sub
1344 3073 1390 3111 ais.
1405 3056 1501 3113 Christi
1515 3057 1576 3126 575,
1592 3070 1663 3115 etat.
1679 3060 1722 3114 95.
1735 3059 1854 3127 Quibus·

254 3127 269 3200 5
283 3127 294 3182 l
322 3167 330 3183 .
355 3124 453 3192 Proba,
469 3123 547 3181 Gallu
566 3132 592 3179 et
612 3122 783 3195 Symmachus
803 3118 891 3195 affines
904 3118 1008 3178 Cossia-
1060 3120 1134 3189 dam,
1148 3132 1177 3179 ut
1190 3124 1267 3181 Sixto
1281 3126 1431 3183 Senensiin
1442 3128 1609 3185 Bibliotheca
1624 3131 1663 3201 (in
1677 3145 1730 3199 qua
1744 3144 1778 3185 ex
1792 3131 1853 3199 ejus

216 3198 286 3260 itari,
301 3207 326 3252 et
340 3195 501 3253 ltettstarns
515 3195 572 3267 ejus
586 3194 805 3265 consanguineus.
829 3192 945 3249 Probam
957 3207 1008 3248 no·
1060 3193 1150 3249 obitus
1170 3201 1292 3264 tempore
1318 3198 1443 3253 nativitas
1466 3198 1622 3271 arguitur),
1645 3200 1734 3271 placet
1760 3209 1852 3255 ortum

215 3267 376 3325 bilissimam
391 3266 533 3337 virginera,
547 3263 641 3321 nome
661 3262 795 3334 quondam
809 3270 1008 3328 ornamentum,
1061 3265 1207 3333 sumpsisse
1220 3280 1264 3320 aii.
1274 3265 1336 3322 479.
1350 3267 1471 3337 Mantus,
1486 3270 1583 3339 inquit,
1593 3286 1638 3325 aii.
1650 3270 1684 3326 tt
1699 3278 1769 3325 oetat.
1785 3286 1853 3337 snae,

216 3339 347 3408 sanguine
360 3334 410 3419 sibi
423 3337 607 3461 Pf⁰3⁵¹¹ssi¹³fl
622 3332 705 3416 inisse
722 3333 853 3417 gloriatur
864 3332 1009 3389 Cassiado-
1061 3349 1106 3415 aii.
1121 3332 1217 3418 diruti
1232 3333 1294 3391 b'lb.
1309 3336 1404 3419 ilarius
1424 3354 1501 3407 tero,
1523 3339 1566 3396 iel
1580 3340 1723 3396 cardinalis
1736 3340 1855 3396 Sirletus

217 3423 279 3476 riss3
295 3423 357 3463 iism
370 3423 397 3461 iii
412 3407 459 3463 hh.
492 3422 507 3463 e
543 3402 830 3478 iiinislntterisiecp.
850 3402 897 3475 ib>
913 3417 1011 3473 paren·
1061 3418 1089 3458 iii
1113 3404 1267 3461 Brutiornm
1291 3406 1427 3464 ilistoria:
1454 3406 1526 3465 Obiit
1549 3426 1646 3465 annum
1667 3427 1749 3483 agens
1773 3410 1854 3477 libs

216 3486 274 3536 teni
294 3492 370 3534 snam
384 3475 500 3533 Prohnm
522 3474 651 3559 appellat.
675 3473 758 3531 Gallu
780 3489 859 3532 soror
880 3474 926 3529 illa
949 3472 1008 3540 luit,
1061 3473 1236 3531 cbrisicnato
1259 3475 1321 3532 575.
1346 3477 1400 3543 llis,
1417 3479 1481 3535 licet
1500 3479 1677 3546 eruditorum,
1697 3482 1855 3536 consentire

216 3548 279 3605 idea
292 3556 320 3605 et
341 3547 496 3620 Symmachi
510 3546 564 3601 lilia
581 3562 587 3599 :
604 3545 675 3601 unde
689 3543 806 3602 Patricio
828 3544 867 3600 illi
887 3544 1009 3625 celeber·
1061 3559 1115 3600 oon
1130 3559 1239 3615 passum
1258 3547 1441 3617 opinionibus,
1455 3565 1524 3621 quas
1537 3566 1598 3606 cum
1618 3549 1772 3607 Cassiodori
1792 3551 1855 3621 epi·

216 3619 288 3676 rimo
310 3616 443 3675 ilbiiitate
464 3616 640 3688 conjimotum
663 3613 853 3672 Cassiodarom
875 3614 954 3670 facile
969 3629 1011 3670 in·
1061 3615 1139 3671 stolis
1151 3630 1269 3687 pugnare
1290 3617 1388 3674 sentio.
1413 3618 1451 3675 lbi
1465 3620 1538 3676 enirn
1552 3620 1704 3677 laudatura
1728 3620 1855 3676 Theodo-

217 3690 334 3760 colligas.
949 3742 953 3748 ,
1061 3684 1129 3752 rico,
1161 3687 1213 3742 nod
1227 3688 1254 3742 in
1268 3687 1326 3758 ipso
1348 3691 1424 3759 regni
1444 3691 1486 3747 sui
1508 3690 1629 3757 exordio,
1645 3690 1857 3747 asinoridelicet

253 3757 376 3831 isangrim
387 3766 459 3816 esset
472 3771 557 3827 genus
571 3770 651 3814 omne
663 3771 825 3813 recensere:
840 3754 1010 3836 satisiiaqne
1062 3753 1125 3825 499,
1140 3702 1221 3812 illum
1247 3756 1372 3814 habuerit
1395 3759 1444 3816 sibi
1467 3760 1688 3827 devotissimum,
1706 3769 1735 3817 et
1747 3759 1856 3817 Siculos

217 3827 308 3896 inerit,
322 3831 346 3886 si
360 3828 534 3885 Heliodorum
549 3826 643 3884 Probae
658 3827 823 3897 adjiciamus,
832 3826 878 3897 qui
891 3832 961 3906 sicut
970 3824 1012 3907 sl·
1060 3826 1160 3898 quictis
1177 3834 1205 3882 et
1216 3825 1271 3897 jiigi
1297 3837 1362 3885 tuna
1374 3833 1505 3902 temporis
1530 3831 1719 3902 impatientes,
1744 3846 1806 3886 snas
1820 3829 1856 3886 ud

217 3899 287 3957 lines
297 3901 357 3971 ejus
371 3915 424 3957 non
435 3900 515 3969 pauci
528 3898 645 3968 antiquet
659 3892 752 3953 Romu
765 3906 888 3976 senatum
902 3902 1008 3951 virtuti·
1080 3897 1259 3954 artesuictrici
1269 3897 1422 3956 cassiodori
1434 3901 1609 3971 persuasione
1623 3902 1856 3985 tmnsirecompu-

216 3969 269 4026 bus
283 3966 462 4035 illustrarunt,
479 3969 518 4025 sie
532 3984 609 4024 norae
622 3966 716 4023 lloinne
729 3965 921 4038 rempublicam
936 3972 1011 4021 recto
1060 3911 1133 4022 ferit.
1153 3987 1163 4020 ‹
1179 3966 1208 4022 lo
1222 3969 1281 4038 ipso
1294 3968 1404 4041 puppe,
1413 3971 1500 4053 inquit
1514 3970 1592 4044 (Ver.
1604 3971 1649 4026 tii.
1665 3986 1685 4037 i,
1695 3987 1737 4042 ep.
1751 3970 1789 4040 5),
1805 3986 1856 4027 irn-

217 4041 352 4097 laetorum
367 4039 470 4096 meritis
481 4039 631 4095 exornavit.
646 4037 814 4102 Heliodorus,
836 4045 866 4091 nt
886 4035 1012 4091 Theodo-
1060 4037 1129 4109 perii
1142 4039 1229 4095 nostri
1239 4039 1352 4096 devotus
1364 4040 1555 4109 exordio,eiim
1565 4041 1857 4098 adhncllnetoaniibus

218 4111 268 4166 rici
281 4109 372 4167 verbis
386 4119 446 4165 utar
462 4108 542 4192 (Ver.
556 4109 601 4163 lib.
613 4123 633 4174 i,
642 4125 685 4179 ep.
696 4107 736 4179 4),
750 4108 795 4180 qni
804 4106 896 4171 inilia,
908 4106 1012 4162 scilicet
1061 4107 1142 4164 rebus
1156 4108 1354 4178 provinciarum
1367 4111 1450 4167 corda
1463 4119 1634 4182 vagarentur,
1649 4116 1679 4164 ct
1691 4111 1791 4182 negligi
1805 4126 1858 4168 na·

218 4179 347 4247 Orientis,
371 4177 502 4250 republica
524 4178 596 4234 nobis
610 4176 754 4234 uidentibus
768 4179 951 4257 prefecturam
971 4176 1010 4232 bis
1061 4193 1124 4232 vum
1137 4178 1276 4234 domiuum
1288 4181 1393 4237 novitas
1407 4181 1464 4252 ipso
1478 4189 1627 4252 pateretur,
1640 4180 1791 4237 Siculorum
1806 4196 1858 4237 sn·

218 4253 324 4308 noscnis
335 4249 412 4306 annis
421 4251 500 4323 pessit
511 4250 614 4317 eximie,
623 4265 713 4304 corum
724 4249 944 4320 cansanpsiniian
953 4263 1011 4318 pra·
1062 4247 1222 4318 spieantiuoi
1232 4259 1338 4306 mentes
1348 4251 1570 4308 ababstinstione
1582 4251 1711 4322 precipiti
1723 4251 1855 4307 deviasti:

218 4320 296 4377 batur
310 4321 430 4394 atham.
442 4314 492 4376 liic
504 4334 625 4375 suinmiis
636 4320 679 4375 rir
688 4320 795 4389 generis
810 4318 933 4373 claritate
945 4316 1010 4372 nulli
1061 4317 1167 4390 culpam
1177 4333 1319 4376 removeris
1331 4320 1479 4390 illis,oabis
1493 4322 1681 4381 serenitatem
1693 4321 1858 4378 sohtrslieos

218 4390 353 4449 secundus
393 4400 539 4475 postquam
564 4388 729 4460 amplissima
742 4388 905 4460 Reipublicae
918 4388 1010 4443 munia
1060 4387 1181 4444 ultionis.
1196 4387 1258 4458 Egit
1270 4390 1386 4447 salubris
1399 4392 1548 4461 persuasio,
1559 4392 1633 4462 quad
1643 4390 1789 4447 vehemens
1803 4407 1858 4461 po·

219 4462 334 4520 feliciter
346 4434 466 4526 obiisset,
509 4461 611 4517 rivatus
633 4462 716 4515 vitani
736 4460 792 4529 egit
805 4460 952 4528 reliquam
968 4464 1010 4511 at-
1024 4450 1049 4512 D
1062 4465 1132 4539 terat
1144 4458 1289 4516 emendare
1308 4461 1451 4519 districtio.
1471 4461 1601 4518 Lucratos
1620 4477 1651 4517 os
1672 4461 1769 4516 damna
1787 4477 1858 4533 pro-

218 4549 273 4606 que
281 4534 310 4588 in
322 4532 423 4604 dispari
432 4476 587 4587 conifidone
600 4530 720 4586 omniurn
733 4529 760 4584 in
770 4545 800 4585 se
811 4529 915 4585 animos
935 4541 1009 4583 anio
1063 4528 1168 4596 iinciae,
1183 4544 1243 4599 qun
1263 4532 1361 4587 meruit
1373 4531 1424 4587 sub
1442 4532 1587 4607 devotione
1608 4531 1728 4588 nesdre:
1744 4533 1789 4587 nbi
1803 4532 1857 4589 sub

218 4616 332 4674 remque
340 4602 442 4675 pariter
451 4601 595 4658 conseruit.
611 4600 684 4656 Vicit
695 4612 720 4654 et
730 4601 758 4655 in
769 4599 901 4670 mannetis
913 4597 1010 4653 bonore
1064 4599 1202 4669 procinctu
1216 4598 1312 4656 llartio
1325 4602 1412 4657 civilia
1426 4600 1487 4671 jura
1498 4602 1661 4667 custodiens,
1675 4601 1782 4671 publiea
1796 4603 1856 4673 pri·

217 4674 351 4746 judiciset
364 4674 502 4728 securitate
520 4671 632 4743 prison:
650 4672 750 4726 cunctis
767 4669 1008 4736 nclnabilltntcpa-
1063 4677 1180 4739 samque
1198 4671 1339 4727 commoda
1362 4672 1488 4728 inavarus
1509 4673 1611 4727 arbiter
1636 4673 1808 4739 estimabas3
1829 4681 1858 4728 et

221 4747 281 4809 tiar,
295 4744 411 4805 amnium
423 4743 459 4797 ud
468 4759 497 4798 sc
505 4744 608 4798 animas
618 4739 774 4809 attrahebat,
785 4749 814 4795 nt
827 4741 871 4813 qui
883 4737 1010 4793 libertatis
1062 4737 1173 4810 proprio
1186 4754 1270 4795 censii
1284 4740 1418 4810 neglecto,
1428 4743 1487 4798 sine
1500 4742 1597 4798 insidia
1610 4740 1796 4797 lacrimarum
1812 4743 1856 4797 di-

217 4811 860 4958 ibtttt.tttttbt⁶didiliiltldt
875 4808 1009 4933 stilti
1063 4810 1858 4952 lltitlttlbl‘rutilitas'ttulitillisult

221 4956 263 5013 nis
273 4954 491 5013 excellentissimi
502 4900 622 5009 tetfeiiaii
644 4952 717 5008 nulla
731 4950 857 5008 deessent
868 4961 1012 5004 ornamen-
1063 4950 1164 5005 tieotias
1192 4949 1352 5015 silentium,
1387 4922 1469 5009 ’voces
1499 4952 1547 5008 tibi
1579 4950 1763 5008 militaverunt
1795 4952 1856 5007 lau·

221 5035 260 5093 ta,
281 5027 378 5098 opibus
397 5031 456 5082 erat
473 5023 665 5095 copiosissimis
682 5022 843 5085 cumulatus,
866 5017 963 5089 quibus
976 5018 1012 5074 ad
1062 5019 1218 5076 dantiumi
1248 5021 1284 5076 lt
1297 5021 1390 5076 libent
1402 5021 1436 5075 tt
1449 5037 1580 5079 annornm
1600 5022 1801 5078 adolescentem
1816 5031 1857 5077 tot

219 5095 433 5153 muiiiboeotinin
446 5097 583 5162 utebatur,
598 5108 651 5149 non
666 5092 827 5148 abutebatur
845 5090 879 5145 ad
893 5088 1009 5158 iniquam
1063 5091 1193 5161 praeclare
1207 5089 1285 5149 laetis
1306 5092 1425 5163 potuisse
1438 5092 1554 5163 probare
1565 5093 1691 5148 virtutem
1711 5091 1773 5161 quis
1795 5106 1857 5147 cre·

220 5166 433 5225 dominationem
450 5182 457 5219 i
474 5164 559 5220 Tanta
572 5164 713 5235 quinetiam
723 5161 873 5233 patriumnii
886 5159 927 5214 sni'
938 5156 1011 5213 iiber·
1062 5160 1110 5216 dat
1122 5162 1134 5216 i
1147 5162 1212 5229 Quae
1226 5172 1316 5218 taineii
1330 5162 1389 5219 laiss
1398 5160 1560 5221 Cassiodoro
1573 5160 1715 5218 tribuenda
1730 5161 1811 5229 toret,
1833 5161 1857 5216 si

222 5247 275 5293 inte
287 5238 415 5309 plumatiis
426 5245 475 5304 est,
488 5244 517 5291 nt
529 5237 598 5290 iuter
615 5234 714 5307 reliqna
729 5233 796 5289 bona
809 5232 910 5304 equinus
922 5230 1012 5310 grem·
1059 5230 1116 5300 iani
1131 5234 1220 5288 citatae
1231 5240 1335 5288 starem
1356 5233 1507 5305 opiniones.
1521 5233 1596 5289 Adde
1608 5232 1681 5303 quad
1695 5231 1792 5287 ecdem
1807 5247 1857 5286 ao·

222 5306 267 5362 biis
281 5307 411 5377 principes
428 5308 548 5372 uinceret,
571 5306 596 5360 et
615 5304 737 5359 danaim
757 5304 862 5375 sapim,
884 5301 1010 5357 insidiam
1061 5316 1107 5370 no,
1119 5302 1243 5358 videlicet
1255 5301 1319 5366 495,
1333 5301 1502 5360 Theoderico
1515 5311 1574 5358 erat
1597 5317 1613 5357 a
1640 5302 1765 5368 secretis,
1779 5301 1857 5371 enjus

222 5377 335 5432 uamiiiis
349 5390 401 5432 nori
414 5377 518 5433 inbuet
533 5375 668 5449 (ibidem).
1062 5372 1181 5440 nomine,
1197 5381 1227 5428 ut
1245 5373 1358 5429 adnotat
1380 5374 1511 5430 Bnronius
1527 5373 1579 5442 (nd
1598 5388 1642 5428 nn.
1659 5372 1735 5439 499),
1752 5371 1856 5427 litteras

259 5446 273 5520 ᾗ
290 5447 321 5500 ll.
338 5446 498 5519 Scybacinm
511 5448 597 5518 patria
610 5443 768 5501 Gmsiadori.
783 5440 831 5501 liis
843 5450 955 5501 exortus
970 5446 1011 5496 est
1062 5443 1159 5512 quibos
1173 5457 1266 5513 paoem
1285 5442 1459 5512 efflagitabat,
1474 5443 1509 5498 ad
1526 5444 1694 5498 hossmsium
1707 5443 1856 5511 imperato·

222 5516 378 5573 clarissimis·
391 5518 546 5586 parentibus
556 5516 724 5572 Cassidiorus
733 5514 867 5598 Scyllacii,
878 5529 937 5584 qun
948 5511 1011 5566 urbs
1061 5528 1119 5567 rem
1133 5513 1241 5583 scripsit
1253 5512 1332 5584 (l'ar.
1348 5513 1393 5570 lib.
1406 5530 1425 5581 l,
1436 5531 1477 5586 ep.
1490 5513 1589 5586 l).,bn
1603 5512 1683 5583 igitur
1693 5513 1739 5566 iiix
1754 5512 1855 5583 primas

223 5587 441 5643 lliutioinintum
453 5587 657 5658 eratprimaria;
669 5600 792 5655 quamvis
805 5598 899 5642 contra
912 5582 1012 5642 sentiat
1062 5581 1251 5640 adolescentie
1264 5599 1350 5641 annes
1371 5595 1521 5642 assecutum
1543 5583 1732 5641 cassiodorum
1745 5592 1854 5653 reputa·

223 5659 403 5726 scriptornnn
415 5656 547 5724 ignobilis,
563 5658 635 5713 haud
647 5657 714 5713 satia
723 5656 813 5712 animo
827 5662 955 5727 reputans
968 5652 1009 5706 di-
1063 5651 1162 5720 bimos,
1177 5670 1238 5714 cum
1260 5655 1293 5709 ad
1309 5655 1334 5710 id
1359 5656 1478 5711 niuneris
1492 5662 1533 5709 est
1547 5670 1562 5708 a
1577 5653 1747 5708 Theoderico
1757 5668 1854 5723 protr-

225 5742 317 5785 uersas
330 5724 495 5801 sunnonis,
510 5728 622 5786 dirersis
634 5726 799 5801 temporibus
812 5725 1011 5799 prouinciarum
1062 5725 1144 5782 ctusl
1169 5725 1290 5797 nemque
1304 5742 1338 5784 ex
1350 5742 1395 5797 ep.
1411 5726 1428 5782 4
1449 5724 1496 5782 lib.
1511 5742 1520 5782 i
1538 5724 1601 5782 liar.
1617 5722 1790 5795 intelligimus
1803 5724 1854 5780 suli
