4059 6184
145 190 198 247 its
781 190 962 248 laudatitiis
981 189 1082 246 LIBER
1103 188 1156 246 tlt.
1741 186 1794 244 'ltt

141 306 414 376 mindnnreeedit,
439 309 519 366 limus
541 319 600 376 est;
621 309 685 366 dum
698 307 775 365 veuit
797 307 943 379 insperate,
959 306 1129 369 Avcmntias
1155 303 1262 360 irrctire
1286 300 1403 374 possitis.
1432 300 1548 357 Facilius
1574 298 1647 357 enirn
1674 301 1794 360 malima-

141 394 284 454 diluvitun.
299 396 366 466 Quis
384 411 450 468 ergo
474 395 607 454 lamosnm
632 393 722 454 Nilum
748 394 829 453 Urbis
849 404 950 452 nostroe
1000 411 1061 454 mus
1074 394 1349 466 spbingisaenigmata
1363 389 1556 463 comprehendi
1568 389 1700 462 potuisse,
1714 406 1796 462 qnam

141 486 364 545 dominibusnon
383 490 499 545 aestimet
512 504 574 546 esse
587 487 764 561 superatum?
778 485 893 555 Quando
905 485 951 542 ille
998 488 1118 561 raptoris
1138 484 1261 557 fugacem
1278 484 1448 556 praesentiam
1467 480 1597 554 reperire.
1619 480 1667 538 ille
1679 482 1797 542 circum

141 578 249 636 incolas
264 594 330 635 suos
345 585 394 635 aut
413 579 549 637 veniendo
563 587 657 646 terret,
673 584 721 634 aut
734 575 886 634 recedendo
900 575 950 632 de·
1000 586 1109 650 spectus
1119 575 1153 632 ad
1166 574 1276 644 omnia,
1289 573 1420 630 instabilis
1433 572 1468 629 ad
1486 579 1615 639 ventura,
1630 571 1749 644 trepidos
1763 573 1798 640 ad

70 729 73 732 ,
141 670 242 727 stituit.
257 668 359 726 Verum
372 671 431 728 ιιι
445 687 500 728 ιιι
525 669 663 744 superilna
688 668 950 727 commemoratione
1000 667 1122 736 insidias,
1135 662 1362 736 quemadmodum
1376 660 1555 735 potestcapi,
1577 662 1623 733 qni
1637 664 1799 720 moravensi

141 761 324 827 narravimus,
340 770 371 817 ut
385 762 474 834 possis
487 762 629 819 advertere
653 761 742 833 qualis
756 776 772 816 a
786 768 814 815 te
836 759 951 828 diligen·
1000 760 1076 817 nullo
1098 759 1160 815 loon
1180 756 1300 813 cernitur
1323 755 1478 813 contineri?
1499 754 1585 825 lligila
1599 753 1713 825 impiger
1735 769 1798 812 cum
1867 751 1873 760 '

142 851 181 907 tia
201 853 386 923 perquiratur,
407 853 451 909 cui
471 852 644 925 pulchritudo
667 859 742 906 tanta
761 849 949 907 committitur.
1002 850 1143 907 nocturnis
1160 849 1253 905 avibus
1267 866 1274 902 :
1290 864 1344 904 nox
1359 847 1406 903 tibi
1419 846 1520 918 pandat
1533 853 1672 917 aspectum
1688 853 1717 901 et
1729 845 1809 904 sicut.

141 940 202 1009 Qua
218 941 255 1000 de
272 958 303 999 re
317 959 366 1014 per
382 944 556 1000 indictionem
570 943 643 998 illam
656 942 812 1000 comitivam
826 940 875 996 tibi
892 939 950 994 lor·
1001 941 1054 998 illm
1064 941 1203 1013 reperiunt
1216 939 1244 995 in
1255 938 1376 995 obscuris
1389 937 1493 1000 cibum,
1508 935 1545 991 ita
1560 943 1589 991 tu
1612 934 1699 1006 possis
1719 934 1798 990 inve·

142 1050 252 1092 marum
279 1039 330 1092 snb
353 1049 452 1107 magna
479 1036 677 1092 deliberatione
708 1033 890 1099 credidimus,
919 1036 951 1086 ut
1002 1033 1061 1090 nire
1086 1031 1262 1104 praeconium.
1280 1027 1345 1086 Esto
1368 1043 1439 1086 nnnc
1460 1027 1494 1084 ad
1515 1027 1633 1098 injuncta
1656 1027 1799 1086 sollicitus.

141 1141 253 1184 sumum
266 1128 357 1185 stutlio
377 1129 472 1185 nitaris
486 1127 595 1185 efficere
615 1125 688 1199 qnod
705 1126 789 1186 tantis
802 1140 835 1184 ac
853 1124 951 1180 talibus
1001 1124 1138 1182 l'enalitas
1162 1123 1276 1180 tibinnu
1296 1122 1397 1179 adimat
1416 1121 1488 1194 qnod
1507 1121 1632 1178 concedit
1652 1120 1798 1198 industria.
1836 1112 1840 1120 ’

141 1216 228 1272 rebus
246 1216 347 1274 videris
365 1218 505 1289 expedire.
528 1217 559 1288 in
578 1217 673 1290 primis
689 1216 785 1274 noxias
799 1224 814 1254 ⁸
828 1215 950 1280 arbores,
1001 1213 1068 1270 llam
1083 1213 1144 1270 licet
1165 1214 1223 1269 bmc
1238 1212 1288 1269 sub
1301 1211 1434 1284 protunda
1448 1210 1562 1283 caligine
1575 1210 1716 1268 videantur
1728 1212 1797 1282 geri,

143 1321 205 1378 qun
219 1306 340 1364 inierunt
358 1307 524 1366 labricarurn
548 1310 651 1378 ruinas,
672 1308 737 1367 dum
758 1316 822 1367 sunt
841 1308 951 1380 quidam
1002 1304 1092 1361 nullus
1105 1312 1196 1360 tanum
1209 1310 1287 1359 actus
1300 1312 1342 1359 est
1354 1302 1401 1373 qui
1413 1304 1499 1374 possit
1509 1301 1647 1359 abscondi.
1657 1301 1799 1376 Pririlegia

144 1398 277 1455 moeuium
300 1399 489 1471 importabiles
513 1401 632 1468 arietes,
656 1415 799 1458 censemus
820 1398 951 1457 radicitus
1002 1402 1167 1468 quoquetna
1181 1393 1224 1451 vel
1246 1391 1328 1450 officii
1342 1391 1474 1464 deputati,
1489 1407 1525 1450 ex
1537 1401 1629 1449 nostra
1644 1392 1691 1450 tibi
1704 1403 1801 1453 aucto·

144 1489 292 1561 amputari,
308 1491 369 1562 quia
384 1491 456 1547 nulla
465 1491 539 1548 laesio
548 1499 714 1558 removetur,
724 1491 800 1562 cuius
809 1492 886 1562 origo
898 1505 952 1546 uon
1003 1487 1084 1543 ritate
1106 1482 1305 1543 rationabiliter
1326 1482 1497 1549 vendicabis,
1509 1483 1572 1554 quia
1585 1497 1697 1540 necesse
1715 1483 1798 1542 estin

145 1581 262 1638 tollitur.
276 1581 307 1637 st
320 1582 385 1653 guid
394 1592 485 1639 autern
498 1584 661 1641 conficiente
674 1584 751 1639 senio
765 1583 846 1640 luerit
859 1583 953 1639 denno-
1003 1587 1060 1635 tarn
1073 1591 1171 1647 magna
1191 1577 1300 1635 civitate
1313 1591 1363 1648 per
1373 1574 1495 1634 diversos
1505 1575 1611 1647 iudices
1624 1575 1666 1647 agi
1679 1575 1752 1650 quod
1764 1577 1800 1635 ab

146 1671 238 1741 litum,
252 1673 376 1743 pervigili
386 1674 526 1731 celeritate
549 1673 615 1746 led,
626 1672 690 1730 Nic.
703 1682 728 1729 et
741 1672 803 1740 Gn,
821 1674 954 1759 claritate]
970 1678 993 1740 Β
1006 1686 1061 1728 uno
1074 1685 1128 1727 non
1141 1675 1232 1743 potest
1243 1668 1381 1742 explicari.

146 1775 302 1835 ῑθιιιθῑιι,
318 1780 353 1822 ⁰0
364 1775 506 1824 θῐθιΰθιῑθ
520 1766 952 1852 ᾱθιθιῑῑιιῦιθθῑιῐιθιῖὸωΰιι
1006 1781 1087 1857 114
1105 1779 1170 1837 llll.
1186 1794 1311 1838 ιιιιιιιιι
1326 1794 1467 1837 renerent
1479 1794 1589 1837 munna
1603 1794 1679 1837 onum
1695 1794 1800 1837 uvau-

146 1853 293 1927 dispendii.
312 1855 414 1914 Ductus
426 1872 504 1928 aquae
514 1856 624 1920 fortuna
640 1866 686 1915 tna
700 1867 753 1927 est,
766 1857 829 1915 dnm
849 1857 952 1916 incolu·
1357 1865 1445 1906 naris

147 1947 201 2004 mis
212 1947 276 2014 eris,
290 1948 313 2004 si
323 1949 369 2003 illa
379 1949 553 2017 solidaveris;
569 1958 728 2023 tantumque
741 1948 813 2023 apud
823 1965 874 2008 nos
887 1964 952 2022 pro·
1039 1943 1167 2013 Quamvis
1178 1943 1308 2015 dignitate
1321 1941 1411 2013 magni
1426 1940 1543 1999 nominis
1557 1940 1740 2014 primalrontc
1750 1942 1800 2001 de·

148 2039 219 2104 licis,
231 2048 364 2111 quantum
375 2048 402 2097 te
412 2040 451 2097 illi
459 2042 594 2098 studuisse
604 2041 689 2117 ιιι,
701 2041 764 2098 Nic.
786 2052 811 2098 et
821 2040 883 2110 Gn,
894 2049 953 2099 stu·
1002 2034 1185 2108 corerislquia
1196 2033 1349 2104 nonpotnit
1358 2032 1530 2103 antiquorum
1544 2030 1687 2102 prudentia
1696 2048 1801 2090 summa

148 2128 237 2201 diosc}
253 2131 420 2200 probaveris.
439 2131 510 2198 agas
522 2145 588 2203 ergo
603 2132 702 2204 peritia
718 2131 838 2203 lidesque
852 2139 908 2201 tua,
922 2138 954 2188 ut
1002 2127 1110 2198 imaque
1134 2123 1215 2180 simili
1229 2124 1412 2196 appellatione
1433 2137 1564 2193 censere,
1579 2138 1614 2179 ne
1627 2123 1800 2196 splendorem

150 2226 179 2276 et
198 2220 369 2278 constructio
391 2219 501 2279 iubricae
523 2223 628 2281 illibata
651 2231 953 2295 permanentemque
1001 2232 1084 2290 quern
1094 2216 1206 2272 sunnis
1215 2214 1412 2270 dabstalterins
1426 2212 1529 2269 vilitate
1539 2212 1695 2285 pollueret),
1711 2223 1802 2272 tamen

151 2308 311 2367 distributio
325 2311 399 2368 nulla
413 2326 443 2369 se
457 2313 599 2371 custodum
612 2314 762 2372 venalitate
774 2313 916 2372 subducat.
1002 2309 1067 2365 hinc
1080 2306 1237 2376 intelligitur
1249 2304 1315 2376 quid
1335 2303 1436 2360 sentire
1449 2302 1582 2373 maiorum
1595 2304 1728 2375 potuisset
1738 2319 1802 2362 auc·

1003 2398 1110 2465 toritas,
1123 2395 1232 2468 qnando
1244 2392 1386 2467 praefectos
1397 2392 1522 2463 vigilibus
1532 2393 1669 2465 appellare
1681 2395 1801 2462 voluere,

216 2463 274 2519 vn·
290 2481 414 2521 ''⁰⁸¹⁰‘'
430 2482 570 2524 ''lfflffl
584 2483 693 2552 Y¹⁶¹2¹¹¹
707 2484 782 2568 ΨΒ
797 2483 888 2525 ⁸⁰¹⁵·
1003 2489 1051 2562 qui
1071 2503 1121 2561 pro
1136 2485 1257 2559 generali
1271 2485 1362 2558 quiete
1375 2483 1538 2542 discurrunt.
1561 2483 1621 2541 Tibi
1640 2485 1713 2541 enim
1726 2501 1803 2542 corn·

183 2572 316 2641 Quamuis
330 2591 429 2632 tromen
444 2584 519 2633 tumn
534 2577 547 2616 b
562 2576 596 2633 ad
607 2578 724 2636 civitatis
738 2587 765 2634 te
777 2578 883 2651 vigilias
901 2578 951 2636 de·
1004 2579 1087 2638 inissa
1101 2584 1143 2635 est
1157 2577 1325 2634 lortunarmn
1338 2572 1480 2640 securitas,
1495 2574 1612 2631 civitatis
1622 2583 1744 2643 ornatus,
1755 2574 1806 2632 uti·

149 2665 214 2722 beat
229 2665 363 2735 excitare,
378 2673 408 2721 ut
421 2668 510 2738 possis
522 2669 636 2742 implere
650 2668 723 2740 quod
734 2668 849 2737 diceris3
863 2677 954 2727 tamen
1004 2672 1068 2730 litas
1079 2669 1199 2729 onmun
1209 2667 1330 2738 ;scilicet
1340 2675 1370 2724 ut
1379 2666 1451 2723 circa
1463 2666 1628 2724 domesticos
1638 2676 1806 2738 grassatores

148 2753 331 2827 providentiae
353 2765 452 2811 nostrae
469 2758 546 2814 solita
567 2758 673 2814 cautela
695 2772 750 2815 non
764 2758 884 2825 deserit,
902 2758 954 2814 nisi
1003 2763 1107 2821 nattum
1126 2769 1253 2835 pacatum
1267 2758 1424 2831 germensi
1443 2772 1525 2829 quem
1544 2758 1642 2815 civium
1657 2757 1807 2816 laedendum

150 2860 280 2917 eosquos
290 2844 324 2901 ad
335 2848 467 2916 agendum
478 2848 628 2920 deligimus,
645 2849 679 2906 ad
689 2849 836 2921 parendum
846 2864 955 2923 quoque
1004 2871 1066 2915 esse
1093 2854 1220 2913 sentires.
1244 2849 1358 2908 Custodi
1385 2848 1508 2905 fortunas
1532 2849 1664 2906 omnium.
1684 2846 1804 2906 Securus
1842 2877 1845 2886 .

149 2943 274 2999 suaviter
294 2942 448 2999 invitemus.
472 2941 541 3011 Quid
554 2951 595 2998 est
618 2942 667 2997 tibi
685 2942 822 3014 pulchrius
831 2957 913 3014 quam
927 2942 955 2999 in
1006 2961 1117 3009 somnus
1140 2953 1169 3001 ιι
1195 2941 1324 3013 vigilante
1355 2939 1495 3010 carpitur,
1524 2946 1555 2994 et
1578 2936 1704 2994 molestia
1730 2936 1805 2993 nulla

150 3032 196 3087 illa
213 3031 288 3089 Urbe
302 3049 413 3105 operam
428 3041 560 3089 navanter
569 3033 736 3105 impendere,
746 3033 888 3106 diligentia
899 3043 952 3092 tuas
965 3052 989 3118 G
1002 3040 1128 3102 sentitur.
1151 3034 1180 3090 ln
1203 3048 1272 3106 pace
1292 3032 1398 3104 positus
1423 3028 1507 3086 sumis
1530 3028 1565 3086 de
1593 3036 1725 3086 nocturno
1748 3027 1808 3085 lure

149 3123 197 3179 nbi
212 3123 284 3180 tales
301 3132 385 3180 testes
402 3122 529 3180 videntur
552 3124 699 3181 assisteret
713 3123 824 3182 cantela
843 3124 952 3197 quidem
1002 3128 1144 3195 victorias.
1160 3123 1224 3181 ruta
1242 3123 1342 3181 laureis
1355 3135 1436 3178 mane
1448 3119 1545 3180 civitas
1556 3119 1666 3179 deiensa
1680 3122 1806 3190 laetatur,

150 3221 210 3279 toa,
225 3229 292 3270 mox
305 3223 336 3269 nt
356 3213 477 3270 adbibita
491 3213 581 3284 luerit,
597 3230 647 3286 per
660 3216 833 3287 patriciontm
847 3226 876 3273 et
888 3233 954 3275 con-
1003 3216 1139 3292 qumdum
1158 3222 1253 3285 captos
1264 3210 1387 3283 respicit,
1402 3218 1467 3267 tunc
1486 3223 1517 3267 se
1536 3208 1643 3267 occulto
1663 3209 1743 3267 hoste
1759 3225 1809 3266 ca-

148 3303 242 3361 sulum
263 3319 312 3360 ora
330 3304 458 3362 discurrit
472 3323 479 3358 z
494 3306 541 3362 vix
558 3312 587 3361 te
600 3306 713 3377 contigit
726 3306 827 3378 aliquid
838 3306 955 3366 sollicite
1004 3311 1090 3369 ruisse
1102 3305 1250 3380 cognoscit.
1264 3302 1391 3372 Quotidie
1404 3302 1570 3374 triumphas,
1584 3303 1608 3360 si
1620 3302 1690 3360 bene
1700 3303 1806 3376 vigilas.

148 3394 257 3464 lacere,
268 3402 298 3450 et
317 3394 393 3451 andis
406 3410 533 3467 proceres
554 3411 615 3453 cum
636 3396 813 3453 admiratione
833 3396 953 3455 laudare.
1004 3400 1114 3458 Etcum
1128 3412 1190 3454 rara
1201 3396 1237 3453 sit
1249 3395 1336 3466 gloria
1353 3393 1442 3451 bellici
1456 3394 1632 3462 certaminis,
1647 3395 1696 3451 tibi
1708 3394 1810 3466 jugiter

148 3484 320 3541 llediocrem
338 3485 498 3555 dignitatem
518 3481 604 3556 regis,
620 3493 649 3543 et
667 3487 813 3543 insumma
827 3487 956 3558 opinione
1005 3488 1157 3548 latronibus
1175 3487 1321 3543 famulatur
1341 3484 1467 3541 inventis.
1488 3483 1646 3542 Oducatom
1666 3485 1749 3541 nimia
1768 3486 1810 3542 ci·
1912 3489 1916 3495 ’

147 3576 283 3634 versaris.
295 3577 391 3633 Custos
400 3575 529 3633 Romana
539 3578 658 3636 civitatis
666 3577 888 3650 dimris,ouando
894 3594 955 3637 eant
1007 3582 1084 3639 sium
1098 3578 1241 3636 allectione
1250 3575 1419 3649 susceptum!
1434 3574 1561 3633 Assnrnes
1570 3576 1710 3648 praedulces
1720 3578 1811 3649 inqui·

148 3667 187 3726 ab
195 3668 412 3725 intestinoboste
421 3668 552 3727 delendis.
562 3667 733 3742 Quapropter
741 3668 893 3728 circalures
905 3670 958 3727 sol·
1006 3686 1069 3750 rere
1081 3685 1150 3743 quos
1162 3684 1211 3741 per
1225 3683 1255 3726 se
1273 3668 1398 3725 dominus
1410 3682 1464 3723 nun
1477 3668 1549 3723 valet
1563 3667 1704 3736 invenire3
1717 3675 1746 3724 et
1755 3670 1806 3725 dn·

148 3760 247 3816 licitus
260 3767 338 3824 esto;
350 3772 420 3828 qnos
442 3758 494 3815 etsi
509 3758 558 3815 tibi
574 3759 648 3829 leges
658 3760 756 3830 punire
769 3760 880 3815 minime
888 3773 959 3831 prm-
1007 3760 1071 3832 plici
1084 3756 1190 3816 ratione
1198 3753 1336 3812 beneficus
1349 3761 1397 3811 aut
1416 3753 1508 3811 lutura
1519 3752 1591 3810 lnrta
1604 3756 1749 3828 prohibes,
1758 3766 1807 3816 ant

148 3852 273 3922 cipiunt,
288 3856 377 3904 tannen
392 3864 440 3906 eos
454 3849 598 3920 indagandi
617 3849 754 3906 licentiam
767 3851 956 3919 contulcrnnr;
1009 3852 1154 3910 commissa
1168 3848 1316 3906 concludis.
1326 3848 1422 3906 Nonne
1435 3848 1486 3906 ista
1500 3848 1622 3921 quaedam
1636 3857 1677 3906 est
1687 3847 1811 3906 ineffabl-

147 3941 240 3996 credo
250 3947 281 3995 ιι
292 3940 414 4010 quamvis
427 3949 518 3997 essent
530 3949 657 4013 raptores
666 3939 850 4010 detestabiles,
857 3947 958 4010 tamen,
1010 3943 1044 4000 lis
1057 3941 1143 4014 gratia
1157 3941 1292 4010 civitatis,
1302 3956 1384 3996 unum
1397 3940 1425 3997 in
1439 3942 1634 4014 sesnscipcre,
1649 3943 1722 4015 quod
1737 3942 1811 4002 videt

148 4032 220 4104 qnia
234 4030 394 4087 dicebantur
408 4030 536 4101 Romani,
551 4030 647 4101 maiori
660 4031 959 4101 eossubderentdigni·
1011 4034 1139 4110 omnibus
1163 4031 1313 4105 expediret
1337 4031 1434 4089 llerito
1461 4031 1510 4089 tibi
1535 4033 1683 4105 gloriosum
1708 4050 1811 4093 nomen

147 4122 217 4178 tati.
234 4119 319 4177 utere
340 4122 421 4190 igitur
439 4135 489 4193 per
502 4121 677 4178 indictionem
698 4122 772 4178 illam
791 4121 959 4195 praeiecturm
1009 4125 1129 4201 praelecti
1150 4125 1269 4200 prudens
1289 4125 1436 4197 antiquitas
1448 4124 1598 4198 deputavit,
1609 4126 1672 4196 quia
1682 4125 1753 4184 istud
1767 4125 1811 4182 la·

146 4213 271 4283 vigilum
290 4210 429 4283 dignitate.
454 4210 557 4270 iiorror
579 4213 628 4270 tibi
648 4228 790 4285 poenarnm
816 4214 960 4287 ademptos
1010 4215 1333 4289 cerenonpoterat,nisi
1346 4213 1392 4286 qni
1407 4215 1480 4271 cives
1494 4214 1576 4271 asnis
1589 4214 1810 4288 commodisplus

144 4314 206 4372 est,
224 4319 283 4360 nen
296 4312 431 4373 potentem
445 4319 509 4360 narn
522 4304 595 4360 lesa
615 4317 670 4375 qno
688 4304 773 4360 voluit
785 4304 874 4360 malos
885 4303 957 4376 capt,
1010 4311 1130 4366 amabat.
1154 4305 1278 4366 omnum
1302 4320 1411 4379 qnoque
1435 4315 1512 4362 tuum
1526 4321 1581 4361 non
1605 4321 1689 4378 parvo
1702 4313 1812 4363 constat

145 4397 246 4469 ipsum
256 4395 363 4452 cenauit
373 4395 433 4466 pius
442 4395 541 4452 timeri·
552 4392 611 4452 Eris
622 4394 752 4451 securitas
760 4394 958 4466 εοιιιιιιιιιι,
972 4424 999 4486 D
1010 4415 1124 4458 munere
1144 4398 1313 4457 sublevatum
1324 4415 1332 4453 s
1348 4396 1458 4469 quando
1480 4404 1509 4454 et
1522 4396 1587 4469 ipsis
1600 4398 1730 4454 momenti
1747 4397 1812 4471 jura

144 4488 300 4544 munimen
309 4485 461 4551 domorum,
469 4485 553 4541 tutela
562 4485 753 4552 claustrorum,
761 4483 897 4541 discussor
907 4484 958 4541 ob·
1010 4491 1123 4548 dilatata
1136 4499 1214 4557 sunt,
1228 4488 1274 4560 qni
1288 4503 1339 4560 pro
1351 4488 1497 4545 securitate
1514 4486 1615 4545 civium
1631 4488 1748 4547 militare
1761 4506 1812 4548 no-

144 4593 267 4643 scurns,
282 4576 383 4633 arbiter
395 4576 557 4643 silentiosus,
571 4575 614 4633 cni
635 4575 730 4633 latiare
749 4574 907 4633 insidiantes
918 4574 961 4633 las
1010 4588 1123 4639 suuntur
1133 4591 1157 4637 ι.
1171 4580 1236 4650 Quae
1248 4595 1310 4637 cnut
1320 4579 1359 4635 ita
1372 4578 1435 4644 sint.
1447 4576 1633 4649 ιιιιιιιιιιιι
1642 4579 1692 4637 tibi
1701 4578 1813 4651 vigilum

143 4679 205 4732 est,
224 4677 257 4726 et
269 4667 396 4740 decipere
418 4668 513 4738 gloria.
526 4666 610 4724 Actus
623 4675 685 4723 tuus
704 4666 814 4723 venatio
827 4673 960 4724 nocturna
1012 4687 1063 4745 per
1076 4672 1150 4728 illam
1164 4670 1353 4738 indictionem,
1361 4670 1488 4728 delectati
1502 4678 1548 4727 tna
1561 4672 1702 4743 opinione,
1717 4688 1813 4730 conec·

141 4769 207 4830 est,
222 4773 288 4831 qnae
302 4759 371 4815 miro
391 4758 473 4815 modo
486 4759 511 4815 si
530 4774 585 4816 non
605 4759 743 4828 cernitur,
763 4767 828 4818 tunc
851 4759 961 4816 timetur
1012 4760 1116 4829 dimum
1131 4762 1168 4817 ita
1182 4770 1213 4819 ut
1226 4770 1255 4818 et
1267 4777 1360 4820 curam
1373 4760 1453 4831 liujus
1468 4760 1609 4832 dignitatis
1625 4772 1654 4820 et
1671 4763 1813 4835 privilegia

139 4851 235 4928 μω,
251 4845 380 4921 teneturl.
394 4847 477 4905 i'urta
489 4849 574 4920 magis
587 4851 615 4906 in
628 4848 732 4906 iuribus
743 4848 961 4917 lacmdnmdlos
1014 4851 1063 4908 tibi
1086 4851 1269 4925 competentia
1291 4854 1380 4911 modis
1405 4853 1535 4910 omnibus
1559 4853 1727 4924 exsequaris
1757 4853 1813 4912 Sed

138 4941 358 5000 circumire
371 4940 465 4997 niteris
478 4955 547 5011 quos
561 4941 684 4998 omnibns
694 4939 807 4996 illudere
820 4955 901 5011 posse
914 4955 963 4999 co·
1014 4943 1137 5014 quamvis
1150 4959 1249 5002 nomen
1265 4945 1465 5003 odiosissimum
1475 4943 1562 5001 iurum
1573 4943 1707 5014 generalis
1717 4959 1813 5017 perse·

140 5032 281 5108 gnoscis.
297 5029 428 5100 Prssttgu
441 5044 525 5102 gertus
538 5031 664 5105 estquod
678 5032 767 5102 agitis,
781 5039 811 5087 ut
824 5030 960 5090 latronum
1013 5045 1113 5108 quatur
1126 5052 1264 5106 assensus,
1273 5047 1364 5096 tamen
1373 5039 1436 5109 quia
1449 5039 1484 5094 de
1493 5035 1624 5093 effusione
1633 5031 1743 5095 immani
1754 5055 1814 5098 san·

184 5201 202 5232 ⁸
221 5189 343 5246 Arbores
361 5206 420 5263 ιιι
434 5192 463 5247 s‘n
475 5198 551 5247 erunt
571 5189 695 5261 tuimur.
715 5192 817 5248 ruinas.
838 5191 966 5249 Arboreis
1019 5192 1091 5251 biter
1101 5190 1266 5258 silentiosus,
1276 5189 1503 5249 ineertdiariornrn
1520 5201 1549 5249 et
1560 5193 1649 5252 lurum
1662 5191 1814 5266 indagator.

137 5260 285 5321 aedissca'ia
299 5261 396 5330 noxia,
419 5262 438 5316 l.
480 5301 489 5328 ,
504 5260 535 5318 C.
550 5259 706 5328 Drinurd.,·
720 5260 769 5317 lib.
778 5277 812 5325 n,
824 5263 904 5334 epist.
914 5261 961 5318 39.
1015 5261 1161 5333 Eleganter
1173 5269 1283 5329 auctor,
1297 5260 1367 5317 inrta
1389 5276 1452 5317 eum
1466 5259 1555 5320 iacere
1575 5265 1601 5321 in
1615 5263 1734 5331 iuribus,
1749 5264 1814 5322 dum

768 5331 853 5388 Fons.
1013 5332 1076 5389 illos
1091 5339 1173 5388 noctu
1183 5330 1370 5387 circumvenit.
1386 5330 1562 5403 ilarmenop„
1574 5336 1617 5391 tit.
1628 5332 1663 5390 de
1675 5333 1813 5405 dignitas,

182 5403 202 5446 b
221 5397 355 5456 Prusecti
369 5400 477 5471 vigilum
497 5400 565 5458 nibil
580 5398 615 5456 dc
634 5400 794 5473 capitalibus
812 5403 901 5459 causis
913 5417 963 5459 sua
1015 5401 1073 5477 gd,
1088 5401 1172 5458 relert
1185 5399 1304 5458 ottctun
1318 5400 1437 5471 preelecti
1452 5401 1561 5470 vigilum
1580 5405 1614 5461 ad
1633 5405 1757 5462 incetrdia
1770 5421 1816 5464 ar·

135 5474 328 5534 ιιειοιιιιιι
340 5479 460 5527 statuere
483 5470 602 5527 debent:
617 5472 664 5526 sed
683 5472 707 5527 si
728 5471 792 5545 quid
809 5471 963 5543 hujusmodi
1014 5471 1100 5529 nenda
1111 5471 1275 5540 institutum,
1287 5478 1316 5527 et
1327 5470 1362 5527 de
1375 5471 1556 5542 incendiariis,
1564 5475 1761 5542 effractoribus,
1773 5475 1816 5534 iu·

136 5541 289 5601 evenerit
301 5541 410 5595 culmini
422 5551 474 5602 tue
487 5541 630 5611 poteratis
643 5540 753 5609 referre,
770 5550 799 5599 nt
811 5542 846 5599 de
860 5558 964 5599 memo·
1014 5543 1090 5600 ribus
1106 5550 1136 5598 et
1149 5542 1364 5611 receptatoribus
1426 5557 1551 5601 ιιιιιιι.
1562 5545 1658 5604 ιιιιιι.

138 5615 225 5673 ratis
243 5611 337 5668 causis
350 5611 465 5666 celsiore
479 5611 612 5667 sententia
629 5611 776 5682 iudicetur,
788 5613 808 5669 l.
828 5611 963 5685 Praefecti,
1053 5608 1158 5668 tllnoo
1177 5612 1266 5668 locnm
1279 5612 1397 5685 capitem
1430 5610 1479 5684 ιι,
1495 5613 1524 5674 ιι
1542 5613 1655 5675 tanat.
1668 5615 1737 5678 Coti.
1751 5615 1817 5691 tta,

138 5687 180 5746 c.
190 5683 247 5741 Bt
264 5679 312 5750 off.
320 5682 476 5753 preleipil.
488 5681 552 5738 ideo
564 5680 662 5744 dcitur
674 5684 806 5747 obscurus
816 5681 912 5759 judex,
923 5695 967 5768 at:
1016 5681 1064 5744 lib.
1075 5697 1135 5757 rm,
1148 5682 1191 5743 ιιι.
1205 5679 1233 5741 ὅ.
1243 5682 1309 5746 Fas.

315 5774 420 5811 ”””””
422 5790 452 5836 s.
474 5771 592 5855 LXlX,
1555 5779 1596 5844 2³
