4059 6184
191 270 259 322 tutti

703 310 708 321 ,
775 267 809 323 ii.
830 263 967 323 rithmi
986 261 1188 321 cistilbttoltt

1746 253 1815 308 {088

191 385 251 447 lidei
268 382 368 438 Nicaem
382 382 499 440 concilii.
521 380 651 448 Epistulas
670 389 759 435 autern
781 396 795 434 a
821 381 936 452 Smyrna
950 379 976 432 iu
990 386 1016 441 Α
1030 376 1118 448 philus
1139 387 1167 431 et
1191 375 1322 445 Syreanos
1347 371 1425 442 ligati
1456 370 1632 425 cttrrciliorurn
1656 367 1816 437 Lmnpsaei,

193 476 255 529 Asia
270 475 425 542 constituta,
437 483 464 527 et
478 472 574 526 Pisidia
586 472 704 537 isauriae,
717 479 797 541 atque
812 470 979 541 Pamphylia,

194 581 244 620 uec
258 581 311 620 nou
327 565 406 635 Lycia
421 565 514 627 lactas,
534 565 577 618 hic
591 572 699 630 propter
713 565 909 634 multiloquium
927 579 988 617 nou·

125 640 130 655 ’
194 658 351 724 conscripsi.
364 655 539 726 3122llerbn
562 670 627 709 vero
646 654 728 710 libelli
742 655 777 709 ab
799 654 939 709 Eusratlrio
954 663 982 709 et

195 747 304 815 reliquis
315 746 423 801 biberin
435 747 488 800 dati
501 746 559 801 hac
579 761 640 800 esse
655 758 812 803 noscuntur.
830 748 980 811 Soonautes,

196 836 239 889 ru.
253 853 291 902 rr,
304 852 365 908 cop.¹
377 837 418 891 tt.
434 836 505 890 Edit.
520 836 615 890 Citrisr.
634 834 721 892 Voles.
736 853 793 908 cop.
811 836 860 904 ts,
876 855 903 907 p.
918 836 981 892 sis.

488 990 602 1046 CAPUT
621 990 714 1046 xxti.

216 1101 325 1156 bdellio
349 1099 597 1182 limedouiuumum
624 1100 726 1157 liberio
751 1103 868 1158 dioneae
893 1104 970 1159 dutus

525 1186 652 1242 eplsscopo.

234 1283 347 1338 Domino
361 1282 437 1337 lratri
455 1291 483 1337 ct
496 1283 679 1339 consacerdoti
696 1283 804 1337 Liberio
820 1283 985 1351 sosarmus,

200 1373 366 1444 Theophilus
380 1382 407 1427 et
419 1373 560 1444 Sylraous,
575 1373 602 1427 io
614 1374 725 1428 Domitio
738 1374 865 1428 salutem.

234 1466 346 1534 Propter
359 1464 545 1520 hereticumm
556 1478 669 1520 amanus
679 1467 858 1533 suspiciones,
874 1463 918 1531 qui
933 1477 986 1517 riou

200 1564 305 1610 cenarit
327 1554 466 1611 catholicis
491 1554 619 1610 Ecclesiit
641 1555 768 1610 scandala
791 1569 930 1625 generare,
955 1568 987 1608 ca

200 1648 284 1716 gratia
298 1660 406 1701 omnem
418 1646 588 1701 occasionem
609 1659 703 1700 corum
719 1645 891 1714 perimentes,
908 1645 987 1714 prod·

202 1748 287 1791 remur
309 1737 441 1805 synodum
460 1736 609 1806 Lampsaco
628 1736 801 1802 celebratam,
817 1747 845 1792 et
860 1737 986 1806 Smyrna,
1005 1735 1025 1792 tl

201 1827 312 1897 aliisque
328 1825 442 1882 dirersis
456 1827 532 1890 locis,
557 1825 767 1882 orthodoxorum
788 1828 986 1896 epist-opomm.

96 1954 112 1973 .
202 1919 317 1988 Proque
337 1919 441 1988 syuodo
462 1918 594 1989 legatione
609 1918 750 1988 iungentes
761 1919 830 1989 apud
847 1929 919 1974 ruem
941 1935 989 1990 pa·

205 2021 222 2064 t·
233 2011 368 2078 ruitaren,
382 2021 409 2066 et
424 2010 562 2065 urrirersos
577 2010 668 2076 ltaliae,
684 2016 847 2079 cunctosque
860 2009 990 2066 Occiden-

202 2103 400 2172 tisepiscopos,
415 2103 520 2157 litteras
534 2101 715 2169 deportamus,
729 2098 888 2155 catholicam
907 2102 988 2157 bdcm

142 2206 144 2211 ·
204 2203 307 2259 tcrtcre,
323 2203 403 2264 atque
415 2207 523 2247 serrare
535 2207 594 2261 qua·
608 2191 635 2246 in
650 2200 742 2245 sarrcto
755 2188 865 2245 Nicaeno
877 2192 990 2247 roricilio

204 2285 253 2336 sub
272 2283 358 2339 beatae
377 2285 515 2339 memoriae
528 2282 730 2337 Constantinus
752 2282 877 2338 trecentis
896 2282 989 2339 decern

203 2384 231 2430 rt
249 2386 312 2430 octo
335 2375 467 2444 episcopis
480 2373 649 2436 coullrmate,
666 2371 793 2442 perlecto,
809 2381 837 2428 rt
860 2374 990 2430 immobili

205 2476 273 2520 statu
289 2465 428 2532 hacteuus,
440 2475 467 2521 et
480 2466 506 2521 iu
523 2459 682 2535 perpetuum
704 2463 881 2531 perntauebit‚
898 2466 924 2519 in
940 2482 990 2534 qua

206 2555 468 2611 consubstantialitas
486 2565 580 2623 sancte
595 2555 690 2625 pieque
703 2552 810 2608 delinita
837 2564 880 2609 est
897 2566 990 2610 contra

207 2650 261 2703 urii
271 2648 437 2718 pravitatem.
450 2648 632 2718 Similiterque
644 2661 759 2703 nuscum
775 2647 908 2716 praedictis
919 2662 993 2701 eam-

206 2738 266 2792 dem
287 2739 366 2793 iidem
381 2740 508 2807 tuoubse,
524 2750 603 2811 utque
619 2750 721 2811 tencre,
737 2750 765 2797 et
785 2740 915 2810 usquead
936 2748 993 2795 ter·

208 2832 309 2885 rninuru
335 2830 472 2887 custodire
498 2848 578 2889 manu
601 2837 706 2905 propria
734 2834 909 2904 prodtcmur:
929 2848 995 2889 cou-

180 2924 365 3005 xricrttnantes
386 2924 479 2979 Arium
505 2926 666 2997 impiamque
682 2927 830 2983 doctrinam
849 2926 908 2996 ejus
933 2938 994 2979 cuut

208 3014 345 3084 discipulis
360 3014 414 3070 suis
426 3015 504 3086 eique
518 3016 615 3070 similia
627 3017 801 3088 sapientibus,
810 3030 861 3072 nec
872 3030 925 3070 non
937 3029 995 3070 onr-

1031 469 1153 541 Smyrnae
1168 479 1194 522 et
1206 469 1378 535 reliquorum,
1394 464 1462 518 lianc
1486 463 1681 531 prolcsslonenr
1696 457 1818 515 nembro

1032 560 1172 614 nostriset
1188 571 1294 627 propua
1309 556 1446 610 roluritate
1460 551 1680 618 subscripsione

1068 671 1095 731 si
1116 670 1174 739 quis
1193 680 1281 724 autern
1308 675 1405 739 praetcr
1418 665 1565 735 expositam
1586 663 1707 718 anobis
1726 661 1818 725 liderla,

1032 771 1125 818 contra
1144 777 1193 815 uos
1207 760 1248 814 rel
1267 774 1314 814 cos
1340 775 1354 811 a
1370 758 1466 832 quibus
1479 755 1575 811 directi
1588 768 1695 821 sumus,
1711 750 1820 820 aliquod

1033 854 1134 908 crimen
1150 853 1247 905 inlerrc
1260 850 1385 914 rtiluerit,
1398 862 1458 903 cum
1473 846 1570 901 litteris
1583 842 1617 898 ad
1629 858 1679 898 nos
1692 853 1745 896 ture
1756 855 1821 895 sru-

1033 947 1135 1000 ctiratis
1147 945 1180 998 ad
1195 959 1263 1014 quos
1278 941 1436 1012 probareris
1450 937 1615 994 orthodoxos
1628 934 1771 1004 episcopos
1780 930 1821 985 di·

1034 1038 1100 1109 rige,
1124 1048 1153 1093 et
1175 1038 1243 1107 apud
1266 1052 1313 1092 cos
1334 1036 1474 1090 nobiscum
1500 1046 1607 1088 causam
1627 1031 1725 1085 dicant.
1749 1025 1822 1082 Etsi

1035 1131 1100 1200 quid
1120 1130 1239 1184 criminis
1259 1128 1342 1183 inerit
1358 1125 1545 1196 approbatum,
1559 1123 1587 1177 in
1597 1132 1706 1176 auctore
1731 1117 1823 1189 procui

1036 1218 1116 1273 dubio
1131 1219 1289 1273 rirrdicetnr.
1305 1217 1362 1271 llos
1375 1217 1465 1286 itaque
1486 1213 1577 1268 libello
1596 1211 1739 1280 legatarios
1753 1207 1824 1261 obli·

1036 1325 1104 1381 gans
1119 1309 1252 1377 Liberius,
1274 1324 1322 1364 cos
1336 1310 1362 1363 iu
1377 1306 1591 1363 communionem
1611 1302 1737 1370 srtscepir.
1758 1300 1824 1366 Qrii·

1037 1403 1088 1456 bus
1100 1402 1166 1454 dans
1179 1399 1331 1471 hujusmodi
1346 1399 1460 1463 litterar,
1473 1397 1549 1451 ubire
1560 1391 1697 1465 precepit.
1723 1391 1825 1445 Scene

1038 1509 1103 1561 rss‚
1119 1495 1164 1550 iit.
1178 1509 1220 1561 tr,
1234 1509 1293 1564 cup.
1307 1490 1351 1547 lt.
1377 1490 1450 1545 sdic
1470 1487 1567 1545 Christ.
1586 1484 1677 1541 varen
1699 1499 1759 1552 repr.
1774 1482 1824 1540 12.

1039 1604 1067 1655 p.
1081 1585 1146 1641 tib.

1325 1711 1437 1771 steht
1451 1709 1540 1766 tritt.

1041 1827 1161 1897 Epicrmo
1173 1827 1268 1881 diruit
1284 1826 1407 1880 Romanu
1420 1823 1489 1878 urbis
1507 1818 1630 1891 episcopi,
1644 1827 1668 1873 ct
1682 1815 1825 1872 Siciliense

1073 1899 1178 1980 concdii
1191 1898 1224 1951 od
1239 1896 1439 1951 becuminem
1464 1893 1598 1963 eutropes
1620 1897 1678 1959 post
1703 1890 1830 1959 portuen-

1075 1980 1148 2023 rrum.

1054 2115 1061 2126 ·
1076 2081 1262 2139 Dilectissimis
1285 2079 1413 2136 iratribus
1430 2086 1459 2133 et
1478 2072 1716 2135 consacerdotibus
1731 2069 1828 2124 Ense·

1041 2178 1107 2240 no,
1122 2152 1233 2246 cirtio,
1257 2167 1539 2243 tremendissimi,
1563 2163 1680 2234 utputo,
1702 2159 1825 2220 necron.

1042 2262 1166 2330 Eusebio,
1183 2262 1327 2331 Eucarpio,
1343 2259 1462 2325 ortasio,
1473 2256 1570 2322 Nooui,
1586 2253 1740 2318 Euuetltio,
1756 2250 1828 2304 ian-

1041 2355 1121 2418 stino,
1130 2350 1237 2419 Proclo,
1248 2351 1394 2413 Passiuico,
1403 2348 1527 2412 Arsenio,
1538 2346 1654 2409 Severo,
1665 2339 1826 2413 llidpmioni,

1042 2442 1171 2507 mironio,
1195 2440 1343 2505 Callicrati,
1368 2438 1507 2504 beurabio,
1530 2430 1828 2502 lidessiqdustomro,

1043 2531 1200 2596 Ambrosio,
1225 2527 1354 2595 Gelonio,
1380 2526 1522 2591 Pardalio,
1546 2520 1710 2587 llaccdouin,
1734 2519 1827 2582 Patrio,

1043 2624 1186 2691 lltrcello,
1201 2622 1339 2686 Heraclio,
1352 2619 1522 2683 dhraudro,
1547 2615 1658 2681 idulio,
1681 2612 1827 2678 bartiano,

1044 2714 1184 2781 Sthenelo,
1198 2712 1304 2774 loanni,
1320 2710 1429 2777 blaceri,
1453 2707 1585 2772 Citarisio,
1607 2705 1733 2778 sylvano,
1757 2701 1829 2757 Pbo-

1044 2808 1111 2875 tino,
1133 2803 1267 2872 Antonio,
1284 2802 1381 2867 hutho,
1403 2799 1492 2865 Celso,
1516 2796 1699 2868 Euphranori,
1714 2792 1828 2855 iliterio,

1045 2897 1171 2963 Patricio,
1185 2895 1342 2961 Severiano,
1366 2891 1492 2957 Eusebio,
1506 2888 1656 2958 Eumolpio,
1672 2886 1828 2951 Athanasio,

1046 2989 1206 3058 hiopbanto,
1215 2986 1364 3052 hruodum,
1377 2983 1471 3049 Diocli,
1482 2980 1687 3053 chrysampelo,
1698 2978 1828 3048 sugerio,

203 3119 267 3158 ucrn
283 3103 418 3167 heresim,
433 3105 610 3175 sabellianos,
633 3106 857 3177 paqsqpassgam,
882 3087 1029 3160 Mami}
1048 3079 1196 3144 Ertslutitio,
1221 3076 1365 3140 Callicrati,
1385 3075 1508 3141 ursonio,
1533 3071 1663 3142 Euqcrtio,
1693 3067 1832 3140 lidrtyrii,

210 3196 309 3259 uisras,
321 3194 505 3261 Phormiones,
522 3197 704 3254 blarcelhauos
714 3220 724 3263 ,¹
738 3197 818 3253 simui
832 3198 910 3253 eliam
927 3195 995 3250 Patr·

205 3288 428 3357 losarnosatenos‚
444 3307 591 3361 eorumque
606 3293 772 3361 doctrinam,
784 3307 931 3361 omnesque
954 3289 995 3345 bis

204 3379 305 3435 similia
326 3380 469 3450 sapientes,
485 3392 513 3437 et
529 3371 666 3439 universas
687 3384 803 3440 ltaercscs
818 3393 918 3438 sanctae
931 3380 995 3436 iidei

207 3473 342 3536 predicte
353 3473 513 3541 contrarias,
529 3490 589 3545 qua
603 3475 646 3545 pie
656 3476 842 3545 cstltoliceque
853 3483 897 3531 est
909 3476 935 3530 iu
951 3473 996 3527 tli-

205 3578 260 3615 erea
276 3577 290 3615 a
305 3565 404 3618 sanctis
423 3563 545 3619 Patribus
559 3565 700 3633 explanata
715 3584 721 3618 :
739 3565 995 3620 anathematizantes

208 3652 341 3720 principue
356 3654 571 3722 explauaiunem
588 3655 684 3710 lectam
708 3657 734 3709 io
756 3653 918 3712 Ariminensi
932 3668 996 3707 con-

108 3784 116 3790 .
207 3744 280 3805 cilio,
297 3752 421 3813 rarrqrtam
434 3747 596 3799 contrariam
611 3746 745 3814 predictae
759 3743 819 3797 idei
836 3743 919 3797 salicti
932 3757 997 3796 cou-

210 3835 262 3888 cilii
278 3835 304 3889 iu
320 3835 406 3889 illesa
422 3853 445 3890 u
455 3838 488 3890 be
501 3826 645 3903 celebrati;
660 3834 736 3906 cujus
758 3834 873 3891 lectione
886 3835 995 3904 probata

209 3924 235 3977 ln
251 3925 316 3979 urbe
337 3925 459 3980 Tiaraciae
482 3924 586 3991 ureae,
610 3925 672 3981 dolo
686 3935 766 3996 atquc
786 3926 906 3996 perjurio
926 3925 996 3995 capri

209 4014 440 4084 constantinopoli
460 4015 685 4084 subscripserunt.
703 4017 749 4071 Est
762 4025 851 4070 autent
871 4016 937 4072 ides
949 4031 997 4071 uu·

209 4112 275 4164 stra,
290 4111 314 4156 er
330 4117 424 4156 eorum
438 4118 490 4172 pro
500 4105 596 4172 quibus
610 4104 743 4175 legatione
766 4104 910 4175 fungimur,
926 4105 998 4162 baec:

209 4193 349 4247 credimus
372 4193 399 4248 iu
420 4209 501 4249 unum
528 4194 623 4262 Deum,
639 4197 745 4251 Patrem
772 4201 994 4267 omnipotentem,

210 4282 328 4336 nrrntiurn
351 4283 495 4339 visibilium
520 4284 747 4358 invisibiliumque
768 4287 947 4358 lactorensi
971 4292 996 4341 in

211 4388 291 4426 unm
306 4372 470 4444 unigenitum
483 4375 580 4444 ileum,
590 4375 732 4433 Dominum
745 4378 835 4435 lesum
848 4378 994 4443 Christum,

1048 3172 1174 3237 ilieratie,
1201 3169 1324 3237 Leontio,
1347 3167 1495 3237 Philagrio,
1524 3164 1623 3229 Larcio,
1650 3174 1677 3218 et
1699 3159 1828 3215 uniuersis

1046 3266 1227 3322 Orietrratibm
1237 3260 1408 3326 ortlrodoris,
1422 3257 1703 3326 biberiusepiscopus
1715 3261 1744 3309 ct
1757 3251 1828 3307 ocri-

1046 3357 1168 3413 deutales
1179 3354 1309 3424 episcopi,
1329 3353 1356 3407 ia
1371 3350 1483 3407 bomine
1495 3349 1618 3406 salutem.

1082 3469 1206 3537 liptabile
1229 3465 1308 3521 uobis
1327 3463 1401 3534 pacis
1428 3472 1509 3532 atque
1533 3457 1684 3515 concordie
1706 3454 1828 3526 gaudium

1048 3574 1144 3616 vestre
1157 3557 1419 3620 litteraedetnlcrunr,
1431 3553 1493 3610 udet
1508 3554 1606 3608 lumine
1616 3549 1828 3617 resplendentes.

1048 3651 1142 3706 iratres
1156 3647 1318 3713 charissimi,
1330 3644 1517 3711 obliterabis
1532 3640 1764 3713 percharissimus
1779 3637 1828 3692 ira·

1048 3753 1139 3797 tresel
1160 3741 1333 3808 coepiscopos
1359 3736 1537 3803 Etutathium,
1567 3733 1724 3804 sylvanum,
1751 3738 1832 3799 atqne

1046 3832 1236 3900 lireopbilnm,
1264 3840 1298 3893 et¹
1316 3828 1432 3884 nuriano
1454 3827 1653 3898 quiastestram
1672 3822 1832 3878 sententiam

1048 3933 1204 3992 restrosque
1215 3936 1311 3977 sensus
1322 3919 1486 3976 concordare
1500 3927 1528 3974 et
1541 3926 1690 3972 concinnare
1701 3928 1761 3968 curn
1774 3925 1830 3965 urea

1048 4014 1204 4078 lanbrihtum,
1221 4023 1248 4066 et
1271 4010 1342 4065 italis
1368 4019 1447 4079 atque
1459 4008 1677 4065 occidental-hos
1699 4004 1835 4059 urrisun-ie

1047 4108 1245 4162 allirunrvcruut
1260 4114 1340 4174 atque
1354 4105 1616 4158 demonstraveruut.
1633 4100 1665 4156 st
1687 4101 1755 4150 lianc
1773 4110 1834 4148 esse

1047 4197 1233 4265 cognoscimus
1254 4194 1459 4248 catltolicnmet
1479 4191 1651 4261 apostolicam
1673 4186 1831 4252 lidenqqna·

1049 4304 1131 4357 nsque
1148 4289 1180 4343 nd
1202 4286 1490 4343 Nicenmuconcilium
1511 4284 1613 4353 integre
1637 4279 1832 4345 itnnnbilisqtic

1048 4391 1152 4434 serrata
1165 4389 1206 4434 est
1219 4397 1227 4445 ;
1239 4390 1265 4434 et
1280 4379 1352 4432 lianc
1364 4378 1414 4445 ipsi
1425 4376 1542 4430 retinere
1555 4369 1666 4443 professi
1679 4378 1752 4434 suut,
1767 4383 1831 4438 gau·

211 4460 240 4517 Fi
253 4462 306 4516 iuni
329 4463 387 4530 bei,
403 4475 493 4519 natum
507 4450 644 4533 cx‘l'atrc‚
660 4466 711 4522 hoc
725 4477 765 4523 cst
789 4483 823 4522 ex
849 4452 1261 4547 substantia,D'dioqnoreploti
1278 4478 1304 4522 ct
1320 4481 1399 4521 utinm
1412 4465 1553 4536 vestigium
1565 4461 1721 4517 acrobatae
1735 4461 1832 4527 ineptae

212 4553 318 4618 {intrim
341 4555 424 4609 Deum
437 4570 470 4610 ex
486 4555 553 4620 ilco,
571 4556 662 4612 lumen
675 4572 709 4612 cx
723 4557 833 4622 landae,
850 4558 933 4613 ileum
949 4574 1000 4611 tc-

210 4659 268 4694 rurn
284 4658 316 4698 cr
334 4644 388 4697 lico
405 4658 479 4709 vero,
494 4655 604 4711 natum,
620 4662 672 4699 uun
689 4648 800 4711 luctum,
819 4648 997 4702 cousubstan-

210 4738 254 4789 tinl
274 4754 299 4789 ut
315 4739 393 4799 lintri.
408 4754 455 4805 per
466 4755 544 4807 quem
557 4740 646 4793 otrtttia
656 4740 722 4793 lacta
738 4748 800 4793 suut
812 4756 872 4808 qius
889 4741 915 4794 iu
930 4755 998 4794 coto

209 4837 235 4877 ct
251 4840 311 4890 qun
327 4824 352 4878 in
366 4835 445 4879 terra.
459 4826 508 4894 Qui
525 4838 634 4897 propter
648 4842 696 4882 nos
713 4828 837 4883 homines
850 4838 876 4881 et
891 4836 998 4897 proptor

210 4924 327 4968 rotonam
339 4916 450 4971 salutem
463 4918 807 4981 deseendit,etiucarnarus
819 4927 869 4983 ost,
878 4929 904 4972 ct
917 4917 997 4972 birino

210 5004 306 5071 latetur,
323 5021 417 5075 passus
441 5016 468 5061 ct
487 5008 631 5061 resurrexit
652 5008 729 5062 tertia
754 5009 808 5076 die,
823 5009 944 5064 aseendit
970 5010 996 5063 iu

208 5098 302 5158 coslus,
317 5106 345 5153 et
360 5108 488 5152 venturus
502 5099 673 5167 estjudicare
687 5101 762 5154 rivos
775 5109 802 5155 et
816 5111 949 5154 mortuos.
965 5099 997 5155 Ει

209 5188 236 5242 in
252 5189 381 5255 Spiritum
404 5199 536 5245 sanctum.
555 5192 606 5246 b'os
624 5203 712 5246 autem
735 5194 779 5262 qui
807 5176 919 5248 dicunt:
937 5193 956 5247 F
960 5193 999 5247 uit

208 5280 314 5347 quaudo
329 5295 381 5336 non
396 5281 455 5348 luit,
468 5292 495 5337 et
509 5294 652 5353 antequam
668 5296 823 5339 nasceretur
834 5302 886 5339 nrm
900 5284 958 5348 init.
971 5294 999 5339 ct

207 5369 269 5437 quia
282 5384 313 5423 er
328 5385 381 5424 non
395 5371 576 5427 existentibus
591 5374 675 5428 iactus
688 5385 740 5439 est,
756 5385 801 5428 aut
815 5389 847 5429 cx
861 5376 943 5430 altera
955 5390 999 5429 es·

207 5460 292 5513 sentia
305 5461 346 5514 rel
359 5462 508 5517 substantia
520 5464 640 5519 diceutes
651 5480 722 5530 esse,
737 5476 782 5519 aur
791 5467 996 5525 convertibilem

208 5563 253 5608 aut
266 5555 421 5611 incurabilem
437 5555 531 5613 Filium
547 5557 607 5626 Dei,
628 5558 838 5614 anaitrcnatizat
863 5559 995 5613 talltolica

207 5656 233 5698 ct
245 5648 389 5714 apiostoiica
405 5650 533 5705 Ecclesia.
579 5640 595 5657 ⁸

247 5736 398 5794 liusluthius
422 5744 559 5812 episcopus
575 5744 700 5799 Sebastiut
717 5744 848 5810 cirinus,
866 5756 891 5798 ct
906 5744 994 5798 'liaco-

1051 4561 1210 4629 surpicionis
1224 4560 1390 4628 abjicientes,
1403 4573 1456 4612 uon
1467 4558 1553 4611 selum
1566 4568 1690 4609 sermone
1703 4566 1772 4615 earn,
1785 4551 1832 4604 sed

1051 4652 1131 4706 etiarn
1146 4654 1278 4720 scriptura
1293 4648 1540 4718 corruite-proiessi
1555 4656 1626 4701 nint.
1640 4644 1721 4712 Cuius
1739 4657 1832 4698 crem·
1899 4639 1905 4647 ’

1051 4745 1110 4815 plat·
1120 4745 1161 4799 bis
1172 4744 1267 4799 litteris
1278 4742 1393 4797 subdere
1405 4740 1583 4795 necessarium
1591 4738 1787 4808 judicariutus3
1799 4736 1833 4789 ite
1901 4804 1909 4818 ·

1051 4837 1129 4888 tiliam
1146 4836 1314 4889 occashmcrn
1332 4832 1467 4886 ltaereticis
1491 4829 1524 4885 ad
1547 4828 1710 4883 exercendas
1724 4825 1835 4880 insidias

1049 4927 1138 4980 denuo
1152 4927 1333 4994 relinquamus
1345 4940 1352 4976 :
1366 4923 1462 4991 quibus
1473 4922 1568 4976 ircrntu
1584 4919 1703 4975 dammas
1719 4919 1834 4989 proprio

1049 5018 1156 5073 ntalitins
1175 5022 1383 5079 countroreutcs,
1409 5008 1531 5068 intuendis
1551 5012 1746 5068 discordiarum
1766 5025 1833 5064 cou-

1049 5116 1124 5160 suete
1151 5104 1318 5160 resuscitent.
1343 5102 1405 5157 lime
1420 5108 1528 5171 insuper
1547 5109 1610 5157 sunt
1633 5098 1745 5168 professi
1767 5099 1834 5153 cha·

1050 5193 1147 5251 tissimi
1168 5196 1264 5249 iratres
1289 5191 1373 5255 nostri
1397 5191 1562 5258 bustathius,
1587 5190 1731 5260 Spirauus,
1753 5200 1834 5255 arque

1050 5287 1214 5358 Titeophilns
1238 5295 1352 5341 uestram
1372 5282 1527 5341 clnrritatetii
1544 5297 1651 5353 semper
1666 5283 1734 5337 lianc
1754 5281 1833 5337 iidem

1050 5378 1189 5440 induisse,
1217 5386 1245 5433 et
1267 5376 1336 5432 itanc
1359 5391 1444 5447 uque
1463 5375 1495 5429 ad
1518 5374 1663 5431 terminum
1683 5373 1832 5437 custudire,

1049 5470 1135 5523 idest
1159 5468 1184 5521 in
1213 5466 1321 5523 Nitens,
1338 5469 1435 5521 ruiteu
1458 5467 1583 5521 trecentis
1608 5465 1700 5521 decem
1725 5474 1752 5518 et
1773 5475 1833 5518 octo

1048 5557 1180 5628 episcopis
1204 5558 1361 5613 orthodoxis
1386 5558 1580 5626 approbatam,
1605 5572 1664 5626 quae
1688 5555 1832 5626 perlectam

1048 5650 1167 5704 coritiuet
1191 5649 1329 5704 ceritatem
1356 5658 1383 5703 et
1408 5664 1439 5702 os
1463 5650 1543 5703 totitts
1562 5648 1694 5705 haerericte
1715 5647 1833 5703 inuititu-

1048 5740 1118 5797 diuis
1139 5736 1207 5815 [lis.
1225 5739 1297 5812 ipe,
1314 5737 1462 5817 prauitatis]
1487 5739 1603 5796 obstruit
1630 5748 1711 5810 atquc
1738 5737 1832 5795 discoi-

1057 5878 1064 5912 l
