4059 6184
207 324 275 385 {159
351 354 360 387 t

455 429 662 506 &ochibi
676 430 750 487 xxt.
1013 428 1147 492 alatum.
1163 426 1230 483 Post
1247 422 1845 495 annumeremuropntluartxuernunn

207 534 343 606 Quomodo
359 525 642 596 inslinnstmbrosittnt
664 527 744 595 luerit
760 534 908 594 persecuto,
927 533 951 579 el
965 524 998 579 de
1055 516 1305 584 sistite-moriente,
1328 514 1567 572 Ariaarhiarinnnt
1582 512 1725 585 quemdam
1739 513 1842 587 episeo-

346 601 465 657 ⁶¹⁰¹5⁶ni
480 613 541 653 '¹⁶⁶‘
554 607 576 652 ‘¹
588 597 720 652 mmm
733 594 855 653 mmi-
1053 623 1117 680 pum
1129 608 1239 665 sibimet
1250 607 1456 675 ordinaverunt,
1478 607 1525 678 oui
1537 616 1629 664 tamen
1641 605 1753 663 dienen
1764 605 1845 676 vixit,

243 696 314 750 lotor
329 692 389 747 hare
411 687 549 746 nmiliatar
563 687 624 759 quia
641 685 785 743 Gratianus
805 684 868 741 dolo
891 685 1000 758 tyranni
1054 703 1105 760 guy,
1127 702 1281 774 quodid„
1300 711 1344 760 m
1363 702 1460 758 mm
1483 702 1588 776 mugio·
1612 701 1673 771 Quo
1694 700 1846 766 mmm·

82 844 86 863 ,
206 784 315 843 llariiui
332 784 427 840 hrisset
442 780 558 838 occisus.
571 780 750 851 induratius
763 778 837 836 euim
846 777 901 835 dax
916 777 999 833 ilari·
1030 776 1036 785 “
1055 797 1221 855 „mm
1245 796 1282 853 ,b
1298 796 1439 853 Anum
1463 795 1553 867 ὅπη
1563 794 1727 852 m
1741 793 1847 850 hm·

140 917 143 923 ·
208 880 296 947 iniisti}
311 878 406 934 'tillim
420 884 553 946 Ρθῐῑὸῑΰὸ,
569 885 600 930 lib
615 871 933 942 midmirssmffiiim,
950 871 1002 927 hil·
1055 898 1118 945 my
1131 889 1296 961 mmmm·
1309 887 1458 956 smum,
1475 888 1561 957 uba,
1571 904 1632 961 κν.
1643 887 1688 956 ἢ,
1702 905 1731 960 ρ.
1745 887 1807 943 Ἧι.

833 317 869 375 lt.
883 312 1023 372 abacto
1038 309 1238 369 caesenatia
1774 302 1849 363 tlte

205 971 325 1045 jusmodi
338 970 493 1041 opinionem
516 969 590 1025 arisit
610 968 636 1024 in
648 967 754 1040 mtpus,
773 969 920 1041 quianxer
940 967 1003 1024 Gra·

210 1064 279 1121 tiuui
294 1079 343 1119 suo
352 1062 414 1117 niro
424 1060 563 1116 festinaret
572 1075 718 1119 occurrere
729 1060 760 1117 iu
770 1059 1002 1132 lrpdmocalttae

208 1158 317 1215 civitate
345 1155 455 1212 hutintu
476 1154 636 1210 transeunti.
661 1153 809 1210 Gratianus
830 1162 920 1209 autern
942 1167 1004 1209 cre·

209 1252 277 1307 dens
291 1249 434 1320 contingen
457 1262 552 1305 reuera
565 1247 670 1315 tenne,
684 1254 767 1320 quara
787 1262 874 1317 seper
888 1260 1002 1317 aecepe-

210 1351 249 1395 rat
265 1381 272 1405 ,
293 1354 347 1395 nuo
363 1337 493 1409 precavit
508 1338 569 1408 ejus
589 1336 710 1405 insidias,
726 1345 755 1394 et
766 1337 853 1394 rmum
870 1352 960 1395 cecus
975 1337 1003 1392 in

210 1435 324 1500 iuream,
342 1432 369 1488 ie
393 1446 488 1487 manus
502 1430 588 1487 bestie
603 1432 726 1489 incurrit.
748 1431 816 1486 batn
833 1445 900 1502 erpo
913 1430 1005 1485 renis·

210 1534 253 1578 eet
267 1522 434 1588 Gratianus,
458 1522 534 1592 quasi
549 1521 583 1577 ad
604 1526 697 1579 uxur's
711 1522 887 1590 uehiculum,
908 1537 942 1577 ex
955 1522 1006 1575 im·

210 1613 321 1684 provisu
331 1613 461 1670 exsiliens
471 1614 822 1686 eoarapurtas,crattanum
836 1613 950 1670 callidus
964 1614 1007 1667 in-

211 1706 329 1760 teremit.
346 1705 468 1760 blurtuue
488 1720 553 1775 ereo
567 1713 611 1761 est
628 1707 771 1761 consulate
795 1705 965 1763 aerumnae
978 1716 1007 1761 et

209 1797 355 1853 Saturnini
377 1796 440 1869 (An.
466 1795 543 1851 Dum.
569 1797 647 1869 385),
673 1813 747 1854 anuo
769 1798 877 1870 imperii
900 1799 1007 1855 decimo

211 1892 318 1962 quinto,
332 1891 394 1946 titre
405 1890 536 1961 vigesimo
550 1901 694 1961 etquarte.
709 1890 766 1948 Huc
776 1892 865 1963 itaque
876 1891 955 1955 heio,
971 1892 1005 1948 ad

212 1997 333 2049 praesens
359 1991 452 2039 contra
483 1981 656 2038 Ambrosium
685 1983 726 2038 ira
757 1983 868 2040 iustine
892 1984 1006 2055 quierit.

212 2076 299 2131 Porro
315 2073 530 2140 Valentinianus,
544 2074 608 2134 lieet
624 2075 733 2145 inritus,
751 2084 873 2145 tempore
887 2076 1008 2133 necessi·

213 2169 277 2223 tatis
288 2167 384 2233 sscxue,
403 2169 429 2222 iu
445 2167 556 2222 Maximi
567 2169 707 2224 consensit
720 2168 845 2239 imperio.
857 2169 931 2224 Tune
942 2168 1008 2225 Pru·

213 2263 263 2315 has
279 2269 403 2317 metuens
415 2259 523 2316 blasimi
536 2268 710 2331 potestatem,
726 2261 760 2316 ah
781 2260 857 2318 ltalia
874 2263 900 2317 in
917 2261 1007 2334 lllyri-

211 2368 273 2407 cum
284 2352 368 2418 scuit,
379 2360 407 2408 el
418 2352 447 2407 in
457 2350 646 2408 Thessalonica
662 2352 826 2409 haemonis
842 2353 1006 2409 morabatur.

211 2442 364 2503 Srrcnxrss.
380 2442 425 2498 lib.
437 2457 465 2509 r,
478 2458 538 2516 cop.
552 2442 596 2510 ll,
610 2461 638 2513 p.
653 2443 716 2500 aab.

247 2535 368 2605 Cumque
379 2534 499 2590 audisset
512 2535 643 2590 tlaxtrnos
653 2551 714 2605 qam
728 2545 821 2592 contra
838 2537 1008 2593 Ambrosium

214 2643 308 2685 rursus
321 2627 523 2700 magniloquum
543 2628 748 2697 predicatorem
761 2630 883 2699 veritatis
895 2643 1010 2699 agereat-

213 2730 268 2783 tur,
281 2719 391 2789 scrip-it
408 2718 607 2784 ialeutiuiarau,
624 2730 657 2774 ut
675 2719 775 2777 bellum
791 2721 864 2790 ottod
879 2716 1009 2792 agebatur

215 2817 308 2865 eurrtm
331 2808 470 2865 Ecclesiae
489 2809 664 2867 solueretur:
687 2825 800 2871 monens
822 2822 853 2875 ut·
870 2823 1015 2883 paternum

215 2920 269 2960 nen
280 2906 420 2991 auritteret
430 2904 556 2976 pietatem
567 2923 575 2971 l
588 2905 740 2977 adjecitque
752 2909 833 2963 etiarn
848 2906 935 2969 rainae
949 2907 1009 2967 hei·

216 2997 253 3062 li;¹
274 3001 302 3050 et
324 2996 558 3068 uisierpiesccret,
583 2998 670 3059 rerba,
689 2997 815 3069 oporibus
839 2997 1010 3073 adimpleret.

214 3088 396 3158 Qxaumbrenx
423 3104 535 3147 sumens
557 3082 1009 3157 exereitum'ueaitlieliulanurn,

217 3183 265 3245 ubi
278 3193 342 3239 trrnc
355 3182 400 3239 ille
410 3182 536 3253 degebat.
546 3184 632 3241 Petro
642 3183 848 3247 Valentinianus
861 3198 1011 3257 ageoseens
1025 3200 1048 3264 C

215 3270 468 3345 «insinuationem,
481 3274 551 3347 logie
563 3274 747 3347 inlllyrieum,
764 3278 949 3347 experimento
962 3293 1010 3335 ee·

214 3381 349 3437 puusuetrs
361 3382 422 3437 quse
437 3367 507 3422 mala
520 3369 614 3423 matris
627 3368 911 3431 consiliosustiueret.
923 3368 1012 3427 tmo-

215 3472 347 3537 nensres,
357 3458 402 3513 llo.
418 3475 446 3525 x,
457 3475 516 3529 cup.
530 3460 575 3527 tl,
590 3477 616 3532 p.
629 3458 693 3514 ill.
733 3497 736 3503 -
796 3514 799 3523 ,

252 3550 342 3607 i‘urro.
354 3548 524 3607 Theodosius
547 3550 661 3607 οοοὲοοο
670 3566 734 3622 oum
749 3538 891 3607 uitulina
905 3550 1012 3608 luerent

215 3650 303 3711 eota,
313 3651 341 3696 et
355 3654 370 3695 a
386 3650 502 3712 tyranno
516 3641 628 3711 scriptu,
645 3641 755 3714 lupieuti
768 3641 957 3699 ialenliaiano
969 3658 1013 3699 re·

216 3726 325 3802 scripsit
347 3746 401 3787 non
423 3747 483 3789 esse
508 3732 663 3793 urinantium
684 3733 880 3805 siimperuturi
903 3733 1011 3805 quidem

218 3836 317 3890 terror,
331 3835 445 3896 tyranno
458 3840 524 3881 uere
537 3834 658 3895 potestus
671 3833 839 3883 accresceret
851 3823 914 3881 dum
925 3827 1010 3895 impe

217 3926 291 3975 rator
306 3916 399 3984 pietati
414 3916 524 3973 rebeliis
537 3917 705 3980 exstitisset,
732 3923 863 3985 tyrannus
875 3925 965 3969 autern
986 3929 1017 3979 et
1063 3962 1137 4019 enim
1151 3978 1212 4019 cum
1226 3964 1266 4020 eis
1279 3965 1380 4035 parim
1398 3974 1426 4021 et
1438 3965 1573 4022 Honorius
1589 3967 1667 4022 valde
1681 3982 1757 4037 puer·
1770 3967 1855 4036 Quem

1064 4063 1127 4124 post
1140 4054 1277 4111 uictoriam
1301 4067 1396 4111 contra
1418 4055 1562 4112 blanimmn
1588 4068 1713 4130 gestam,
1736 4060 1771 4114 ab
1790 4062 1858 4118 urbe

1064 4142 1362 4219 coosnnuoopmhana
1373 4149 1540 4207 Theodosius
1554 4163 1723 4208 evocaverat.
1736 4152 1857 4225 bitatione

1065 4235 1094 4293 iu
1106 4236 1227 4295 herenna
1241 4240 1307 4295 urhe
1320 4254 1500 4309 morarentur,
1511 4243 1670 4300 testivitates
1682 4260 1731 4315 pru
1746 4247 1857 4301 uictoria

1065 4329 1247 4397 celebrantes,
1261 4338 1323 4387 tunc
1333 4348 1410 4388 suant
1423 4333 1570 4392 bonitatem
1581 4336 1654 4391 eirea
1666 4336 1857 4407 Symmachum

217 4004 316 4069 unsilia
328 4005 512 4061 eentmoduret
522 4021 530 4070 ;
542 4015 570 4059 et
581 4004 721 4074 propiores
734 4004 778 4059 ille
789 4004 897 4074 quidem
910 4003 1016 4074 lugeres

218 4095 317 4162 roudus,
333 4096 382 4151 iste
402 4110 467 4151 cero
488 4105 639 4151 aruraretur
650 4098 780 4150 aduersus
793 4095 904 4151 nudum.
921 4096 1012 4153 Taso·

219 4206 349 4255 umterus,
362 4190 408 4245 lib.
425 4207 453 4251 r.
465 4207 523 4263 cop.
540 4193 585 4258 ts,
598 4210 624 4260 p.
639 4191 709 4255 etl,

256 4283 332 4343 ioue
347 4281 428 4355 igitur
442 4282 611 4343 Theudosius
626 4284 773 4352 imperatur
785 4283 814 4339 iu
829 4283 945 4341 marium
959 4284 1015 4341 sul·

219 4374 358 4435 licimdioe
379 4375 543 4431 otxnstitutus
561 4386 654 4432 contra
676 4382 824 4447 tyrannum
846 4374 1020 4445 praeparabat,

221 4468 382 4533 exercitum,
401 4480 524 4525 memmae
539 4483 573 4523 ne
587 4466 655 4539 quid
675 4466 756 4525 etiam
771 4477 865 4526 contre
877 4466 1018 4537 jmtierem

989 4558 995 4573 t

223 4558 438 4615 inlentiniauum
464 4559 570 4616 insidia
596 4560 742 4630 tyrannicae
765 4559 952 4628 pratalerenl.
976 4558 1055 4641 hay)

220 4658 382 4721 tempestate
395 4651 477 4706 etiarn
497 4654 595 4721 legatio
620 4652 760 4707 Persarum
786 4651 899 4717 aderat,
919 4664 1013 4721 pacem

223 4752 327 4811 petens.
340 4740 399 4813 Quo
412 4748 533 4812 tempure
547 4740 618 4797 lilius
632 4740 882 4811 ououuellonnrius
896 4742 922 4796 ei
935 4750 1014 4799 natus

221 4816 268 4889 est
277 4834 311 4890 de
322 4848 411 4891 uxore
424 4832 547 4899 Placilln,
563 4833 704 4891 consulatu
719 4832 872 4887 hicbonteri
886 4841 915 4886 et
924 4831 1015 4887 Clear-

222 4923 265 4979 chi
278 4925 342 4995 latu.
367 4922 446 4980 bom.
459 4923 535 4991 aeli,
549 4939 621 4980 riona
646 4924 690 4980 die
708 4923 875 4994 Septembris
889 4926 1013 4985 mensis:

223 5032 277 5084 uuo
298 5016 440 5072 consulatu
461 5016 572 5086 Apelles
596 5006 704 5087 quaeue
724 5015 937 5073 Notatiauorum
959 5019 1018 5087 epi·

222 5124 321 5179 scopus
341 5123 384 5168 est
406 5109 559 5169 Manuos.
581 5108 738 5178 Scaeuam,
763 5109 809 5164 lib.
834 5124 862 5179 r,
885 5126 944 5180 cap.
971 5110 1016 5179 le,

222 5220 250 5273 p.
263 5202 327 5258 eil.

506 5358 620 5423 cacha
643 5358 726 5415 xiil.

223 5424 265 5505 De
303 5459 383 5508 morte
420 5447 548 5505 Tinrothei
586 5450 757 5505 Alexandrini
795 5458 819 5507 et
854 5451 1022 5515 ordinatione,

543 5518 690 5591 aucupant.
782 5531 787 5549 ¹

258 5643 385 5715 Sequenti
399 5659 464 5701 rere
478 5649 618 5705 consulatu
638 5644 745 5707 Arcadii
760 5644 872 5718 bugasti
888 5644 977 5716 prlme
989 5648 1022 5711 et

225 5732 358 5793 baudonis
369 5736 430 5807 (Aa.
444 5720 605 5810 oppress),
614 5736 740 5795 defuneto
749 5736 1017 5813 'iirrlutheoblcxan-

1335 1021 1451 1080 carba
1464 1021 1559 1078 xxiii.
1646 1100 1652 1109 ,

1056 1111 1095 1168 De
1109 1112 1197 1182 prelio
1217 1111 1354 1169 Theodosii
1366 1123 1456 1169 cantro
1475 1112 1707 1185 Maximorumque
1729 1112 1847 1168 ueruto.

1091 1206 1173 1277 igitur
1187 1207 1335 1278 imperator
1352 1215 1447 1264 eontra
1460 1206 1603 1263 harimum
1617 1207 1760 1278 resonans,
1775 1209 1863 1285 emp„

1056 1295 1230 1369 staroinupolt
1244 1298 1434 1367 imperatorem
1458 1297 1541 1354 lilium
1557 1297 1667 1370 reliquit
1688 1298 1846 1356 armatum.

1056 1389 1178 1462 Curiique
1193 1390 1417 1451 Thessalonicam
1438 1392 1581 1460 venisset,
1604 1393 1706 1453 invenit
1729 1391 1849 1449 Valenti·

1057 1485 1130 1543 niani
1146 1483 1251 1552 iudices
1274 1485 1300 1540 in
1322 1484 1437 1541 maxima
1453 1484 1562 1542 tristitia
1576 1484 1757 1551 constitutos,
1782 1485 1848 1571 quia

1059 1583 1200 1648 tyrannum
1215 1577 1290 1633 relut
1312 1576 1501 1648 imperatorem
1516 1593 1551 1633 ex
1576 1574 1746 1635 necessitatis
1766 1592 1849 1633 eausa

1058 1678 1242 1740 susceperant.
1264 1668 1433 1726 Theudosius
1457 1678 1550 1743 antem
1561 1678 1654 1739 aperte
1677 1667 1785 1739 quidem
1799 1681 1849 1723 nee

1058 1760 1203 1828 refutabat,
1226 1777 1276 1817 uec
1296 1761 1455 1818 admittebat
1470 1761 1629 1833 legationem
1644 1760 1773 1826 blarimi;
1795 1774 1849 1814 nun

1023 1836 1150 1910 ¹*tamen
1175 1853 1326 1922 patiebatur
1350 1854 1400 1911 sub
1428 1863 1544 1926 tyranno
1565 1853 1681 1923 positum
1708 1852 1849 1921 imperium

1059 1944 1253 2001 humanorum.
1287 1943 1405 1999 Samene
1436 1957 1501 2014 ergo
1529 1950 1657 1997 cunctum
1682 1939 1849 2009 exercitum,

1059 2034 1240 2091 Mediolanum
1254 2034 1393 2100 tendebat,
1409 2034 1455 2090 uhi
1470 2044 1530 2091 erat
1540 2034 1622 2090 etiam
1642 2033 1783 2101 blaaimns.
1804 2032 1850 2087 lrr·

1060 2137 1134 2183 terea
1146 2125 1238 2183 Ariani
1253 2126 1485 2199 Constantinopoli
1495 2127 1597 2197 positi,
1610 2127 1733 2183 diuersas
1747 2126 1851 2196 opinio·

1060 2232 1109 2274 nes
1120 2219 1146 2274 in
1159 2217 1259 2290 populo
1272 2218 1449 2285 seminantes,
1466 2218 1593 2275 dicebant
1603 2227 1630 2275 et
1639 2219 1787 2275 exercitum
1801 2219 1851 2273 im·

1060 2321 1212 2380 paratorum
1220 2309 1353 2376 amisisse,
1361 2320 1388 2366 et
1395 2310 1482 2381 ipsum
1489 2309 1595 2382 tyranni
1606 2308 1850 2380 ducibussubjuga·

1061 2412 1129 2467 tum,
1143 2399 1248 2471 aliaque
1260 2400 1342 2455 multa
1354 2416 1414 2470 oure
1433 2401 1523 2456 solent
1537 2399 1639 2456 inimici
1652 2409 1714 2455 roto
1727 2399 1849 2469 trequttiu

1057 2494 1173 2565 iactare,
1189 2493 1225 2548 ita
1236 2504 1267 2549 nt
1280 2494 1377 2549 erebro
1388 2493 1447 2550 bac
1454 2493 1607 2560 audientes,
1620 2508 1675 2548 non
1686 2493 1851 2564 opinionem,

1061 2585 1109 2641 sed
1124 2600 1187 2641 nera
1201 2585 1255 2655 jain
1277 2585 1430 2645 crederent.
1446 2585 1493 2641 llis
1508 2586 1678 2643 sermonibus
1693 2586 1852 2643 arianorum

1061 2679 1176 2748 populus
1194 2675 1398 2746 inflammatus,
1421 2679 1454 2734 ad
1475 2679 1687 2737 irrationabilem
1709 2678 1852 2750 quamdam

1061 2768 1163 2824 exarsit
1175 2769 1324 2843 audaciam,
1340 2769 1504 2840 domumque
1524 2768 1641 2826 Nectarii
1654 2771 1773 2839 episcopi
1787 2785 1853 2827 con·

1061 2863 1210 2930 cremarit,
1234 2863 1377 2918 consulatu
1390 2862 1536 2920 Theodosii
1559 2865 1719 2921 secundoet
1742 2863 1853 2935 Cynegii

1061 2951 1123 3017 (Aa.
1140 2951 1219 3010 bom.
1234 2954 1312 3023 588).
1329 2953 1429 3010 Verum
1443 2955 1590 3026 imperator
1602 2954 1778 3021 Theodosius,
1791 2954 1854 3009 dum

1065 3053 1207 3116 tyrannum
1222 3045 1430 3117 aggrederetur,
1454 3058 1649 3119 cognoscentes
1663 3048 1770 3105 blarimi
1784 3049 1853 3104 mili-

1064 3146 1104 3192 tes
1119 3137 1290 3208 praesentiam
1309 3137 1662 3208 instructionisimperialis,
1677 3146 1705 3195 et
1718 3139 1854 3213 signorum

1063 3227 1122 3300 ejus
1145 3228 1311 3293 adveutum,
1334 3243 1385 3285 nec
1399 3228 1478 3285 laruae
1497 3228 1605 3303 quilleno
1630 3229 1712 3300 ipsius
1726 3229 1854 3301 impeturn

1063 3321 1198 3378 sustinere
1217 3323 1432 3391 praeualtrerunt;
1445 3323 1493 3379 sed
1516 3324 1749 3393 apprehendentes
1764 3335 1855 3395 tyrsu-

1063 3427 1138 3473 oum.
1158 3412 1323 3472 ninetumei
1349 3415 1472 3484 protinus
1496 3414 1660 3470 obtulerunt.
1686 3415 1735 3489 Qui
1758 3415 1854 3471 eaden

1063 3503 1203 3563 consulatu
1219 3515 1375 3573 peremptus
1386 3516 1427 3561 est
1437 3505 1550 3577 'septima
1565 3516 1592 3563 et
1607 3505 1734 3578 vigesima
1745 3505 1789 3561 die
1802 3509 1854 3560 hu·

1063 3596 1133 3666 gusti
1156 3596 1268 3649 mensis.
1296 3593 1474 3667 Andrapatlue
1496 3605 1611 3662 autem,
1635 3596 1678 3666 qui
1705 3607 1855 3666 peremerat

1064 3682 1232 3752 Gratianum,
1243 3686 1395 3750 topicorum
1406 3687 1515 3743 fluuium
1526 3690 1698 3759 semetipsum
1712 3688 1856 3759 projiciens

1064 3778 1222 3848 suspiravit.
1238 3778 1313 3836 Titne
1325 3780 1405 3851 igitur.
1419 3782 1597 3853 imperatores
1612 3780 1815 3839 interminus
1828 3793 1856 3838 et

1064 3871 1246 3940 Tireodosias,
1262 3883 1369 3943 peracta
1390 3875 1514 3942 uictoria,
1539 3890 1639 3933 neuere
1653 3875 1777 3932 Romam.
1793 3877 1856 3930 trax

1066 4424 1240 4481 exconsulem
1255 4422 1423 4481 Tireorlostus
1441 4425 1588 4498 imperatur
1603 4429 1730 4484 ostendit.
1748 4430 1772 4484 ls
1786 4430 1858 4483 euim

1066 4512 1246 4584 Symmachus
1263 4515 1334 4570 inter
1357 4526 1499 4573 senatores
1524 4519 1674 4589 praecipuus
1698 4519 1857 4585 habebatur,

1067 4614 1180 4675 cratque
1196 4605 1309 4661 humaui
1324 4607 1423 4678 eloquii
1439 4608 1590 4664 eruditione
1605 4607 1758 4674 mirabilis,
1782 4612 1859 4679 eujus

1069 4698 1145 4753 multi
1157 4713 1263 4770 utruque
1278 4702 1449 4771 reperiuntur
1463 4701 1536 4756 libri.
1549 4701 1662 4772 Scripsit
1675 4711 1765 4757 autern
1779 4702 1861 4757 ilari·

1068 4794 1104 4847 mi
1121 4792 1240 4859 laudern,
1256 4808 1370 4863 eamque
1383 4795 1505 4849 recitarit
1518 4810 1526 4853 t
1540 4794 1612 4849 uode
1623 4804 1716 4864 postea
1731 4810 1793 4849 reus
1804 4812 1861 4849 ma·

1065 4883 1173 4954 petatis
1184 4885 1401 4941 esseridehatur.
1411 4885 1590 4954 Quamobrem
1604 4895 1716 4943 mortem
1726 4897 1861 4952 metuens,

1069 4976 1189 5047 conlegit
1203 4977 1230 5032 in
1254 4978 1405 5036 ecclesium.
1423 4978 1520 5034 Verum
1535 4979 1692 5049 imperator,
1706 4994 1768 5035 curru
1790 4992 1863 5035 essct

1070 5068 1273 5146 perfectissimae
1286 5069 1506 5139 Christianitatis,
1523 5082 1550 5126 et
1564 5056 1719 5131 nortsolurn
1731 5088 1786 5127 suae
1801 5072 1862 5129 hilei

1070 5160 1226 5217 sacerdotes
1253 5161 1417 5230 honoraret,
1439 5161 1486 5218 sed
1511 5161 1591 5220 etiam
1607 5162 1791 5228 horatianos,
1816 5165 1862 5236 qui

1072 5254 1193 5325 proximo
1222 5256 1306 5327 ipsine
1334 5255 1395 5315 luet
1419 5256 1526 5314 decreta
1550 5263 1706 5324 servarem,
1739 5258 1863 5325 Leontio,

1072 5363 1137 5410 tune
1157 5351 1279 5408 hunuano
1296 5351 1423 5423 episeopo
1442 5351 1569 5409 Ecclesia
1584 5350 1802 5415 Neratiauorum,
1819 5366 1863 5406 ro·

1070 5446 1143 5515 panti
1157 5443 1319 5501 heneficium
1333 5444 1492 5514 conserens,
1511 5444 1705 5526 Symmachum
1717 5441 1863 5500 absolsita

1072 5539 1196 5597 crimine.
1222 5538 1344 5610 Curaque
1368 5539 1476 5595 retiam
1499 5535 1678 5609 Symmachus
1700 5535 1863 5600 mermsset,

1070 5638 1292 5710 apologeticum,
1316 5637 1344 5693 iil
1375 5642 1420 5694 est
1446 5633 1687 5693 satislactinnaletu
1711 5633 1808 5690 librtun
1835 5630 1863 5686 io

1071 5729 1226 5791 aleatorio
1242 5729 1404 5801 conseripsit
1422 5728 1596 5805 imperatore.
1612 5726 1760 5796 Sucuarss,
1777 5723 1851 5780 liet

225 5820 311 5931 altinae
324 5823 586 5900 ciuitatisepiscopo,
597 5829 761 5903 Theophilus
775 5829 892 5902 suscepit
908 5844 1013 5923 ptr-ceu·
1069 5844 1127 5901 cap.
1143 5827 1189 5900 li,
1202 5825 1237 5886 ld
1247 5838 1271 5883 ot
1288 5823 1332 5889 li.
1348 5831 1375 5888 l·
1389 5822 1453 5882 27¹·

1997 1320 2007 1371 .
