4059 6184
144 165 192 218 sat

790 152 970 208 talrtttttt'tt
992 149 1091 207 tibttt
1109 148 1141 205 11.

1726 128 1780 193 558

177 274 312 348 fiscalibus
336 286 457 329 canotus
479 269 670 335 intervenienti
692 266 824 338 Liguriam
850 266 938 329 iuopia
954 282 974 332 ‚a
990 271 1143 317 consotient
1170 258 1303 323 bettelicii,
1330 255 1442 327 gloriam
1457 253 1541 310 nostri
1566 248 1695 323 temporis
1717 263 1783 319 per·

178 352 281 417 p'rttprtru
296 345 473 411 laborantem,
488 352 512 398 et
527 343 553 396 itt
569 359 620 411 utta
635 350 695 393 tune
708 345 764 392 erat
789 353 844 400 rea,
857 347 939 388 tratre
993 356 1082 409 „mm
1094 352 1216 423 puppem·

180 420 276 471 ntittut.

179 529 280 585 Omnes
290 528 370 584 decet
383 535 524 597 gratanter
536 523 708 595 impendere,
730 521 803 591 qnod
822 520 942 591 publicas

150 621 238 675 rident
250 618 380 674 utilitates
394 633 474 688 posse
484 616 620 687 respicere
631 631 638 666 ε
650 610 944 684 31quandonecesse

150 720 188 764 est
203 711 256 764 boc
269 708 392 764 membra
406 708 524 773 sentire,
540 704 612 774 quod
626 702 748 771 eorporis
762 715 867 755 summa
881 713 944 754 sett-

151 801 223 854 titur.
238 798 328 867 Atquo
348 798 409 852 ideo
428 795 553 867 presenti
573 792 744 848 decernimus
763 789 894 860 jussione,
916 796 947 843 ut

150 899 265 961 quantas
278 889 305 944 in
321 888 472 943 Ravennaui
485 886 552 942 urbe
565 883 725 940 sulcatorias
737 881 857 952 potueris
869 893 946 949 repe·

151 985 217 1046 rire,
244 981 385 1035 frumentis
416 978 551 1034 fiscalibus
574 983 701 1033 oneratas
732 973 767 1029 ad
789 988 839 1028 nos
863 986 948 1040 usque

152 1076 300 1146 perducas;
314 1081 449 1144 qnatenus
462 1072 590 1127 alimonia
607 1070 713 1141 publica
729 1069 775 1123 tali
793 1067 948 1139 provisione

153 1167 282 1230 relevata,
297 1163 485 1219 necessitatem
500 1163 599 1233 inopiae
614 1176 667 1217 non
686 1161 783 1216 debeat
802 1159 947 1214 sustinere.

155 1257 259 1312 Reddat
272 1257 401 1310 Ravenna
413 1254 520 1325 copiam
535 1252 660 1322 Liguriae,
673 1267 754 1322 quam
764 1267 798 1307 ex
814 1251 870 1322 ipsa
881 1265 949 1305 con-

155 1349 244 1403 suevit
253 1348 387 1418 accipere.
403 1345 539 1414 Numquae
551 1344 721 1414 praesentiam
733 1351 853 1397 nostram
867 1340 950 1396 susti·

157 1447 213 1506 uet,
228 1437 375 1492 multorum
395 1434 476 1490 debet
493 1434 589 1490 solatia
613 1434 742 1504 reperire.
765 1431 859 1486 Trahit
879 1431 951 1484 enim

155 1529 355 1585 ttbserrantium
368 1536 492 1583 cateruas
506 1526 652 1582 contitutus
668 1533 776 1588 noster;
792 1529 820 1577 et
834 1522 897 1576 dttm
917 1520 952 1575 ad

1255 458 1421 516 epistota
1438 456 1521 513 xxti.

1029 576 1113 614 rrsro
1127 573 1188 613 tuno
1203 537 1324 611 retusam
1344 569 1467 609 rtrntnto
1485 557 1666 605 rtreouotucus
1686 554 1750 596 nex.

997 650 1119 721 Prtecipit
1132 657 1160 703 ut
1171 646 1270 700 Ecdicii
1284 647 1352 716 filim
1364 661 1396 699 ea
1413 641 1480 697 lit-be
1494 642 1529 693 nd
1544 632 1786 709 putriumpenitorit

1155 717 1294 789 sepeliendi
1309 731 1388 770 cuuto
1399 727 1513 767 renteore
1523 710 1623 780 jttbent.

1035 808 1202 880 AEquumest
1216 805 1408 861 utcotuntodet
1421 794 1790 871 seregatisptetasrtatirul·

996 917 1062 957 uere
1076 899 1222 956 sauciatis:
1237 898 1299 966 qttia
1313 896 1378 964 erigi
1390 895 1450 966 plus
1461 902 1608 958 merentur,
1624 903 1693 960 quos
1707 887 1790 943 sortis

997 1006 1053 1047 sum
1077 990 1189 1045 adversa
1212 993 1379 1058 presserunt.
1402 986 1490 1055 Attpue
1504 983 1564 1038 ideo
1585 967 1790 1048 magnlileenti'at

999 1094 1052 1138 tuae
1065 1081 1189 1154 praesenti
1202 1078 1364 1134 auctoritate
1375 1076 1554 1142 declaramus,
1562 1080 1592 1128 ut
1598 1069 1699 1127 Ecdicii
1711 1067 1789 1132 lilios,

998 1190 1067 1244 qttns
1080 1175 1106 1228 iu
1119 1172 1192 1228 Urbe
1201 1170 1324 1242 primitus
1335 1169 1453 1225 residere
1463 1165 1625 1230 censuimus,
1636 1161 1670 1218 ad
1676 1160 1791 1233 patriam

999 1279 1060 1319 cum
1071 1263 1201 1334 genitoris
1214 1263 1255 1316 sni
1269 1258 1373 1324 luttere,
1390 1259 1481 1315 votivo
1498 1257 1606 1329 quidem
1624 1254 1729 1318 reditu,
1743 1252 1793 1308 sed

1000 1354 1098 1409 acerbo
1108 1368 1192 1418 casu,
1208 1365 1331 1406 remeare
1340 1349 1475 1419 jubeatis:
1491 1362 1525 1402 ue
1539 1361 1632 1402 eorum
1652 1341 1793 1399 desideriis

1001 1442 1255 1510 abnegatis,rulnns
1270 1442 1421 1511 geminetur
1436 1438 1572 1502 aillictisl’3
1585 1444 1622 1501 et,
1635 1434 1708 1506 quod
1718 1431 1793 1490 nelas

1001 1536 1076 1590 dictu
1091 1543 1141 1597 est,
1156 1533 1202 1603 qui
1218 1532 1341 1587 dolorum
1356 1529 1446 1586 nubila
1462 1538 1553 1584 nostra
1565 1542 1673 1598 semper
1691 1523 1793 1580 sereni·

155 1620 286 1679 biflssflili
299 1619 450 1692 praestanda
465 1618 594 1682 cummis
612 1616 766 1673 ⁰0⁰0⁵5³¹i⁰
782 1614 888 1685 i⁰i⁰¹l⁵
907 1629 951 1668 w
967 1660 989 1717 B
1004 1636 1059 1681 tate
1070 1625 1243 1693 detergimus,
1258 1640 1330 1680 nuuc
1340 1624 1444 1679 miseris
1454 1622 1512 1693 pias
1525 1617 1795 1691 lacrymasdeuegaro

156 1712 197 1782 pia
211 1711 374 1780 postulatur.

427 1873 677 1942 El‘lSTlle'Xlil

282 2014 374 2054 rotant
388 2013 547 2053 tentanum
562 2011 745 2051 rtteooonteus
760 2010 822 2049 nex.

159 2114 219 2182 Spei
234 2122 261 2167 et
276 2112 392 2166 Domitio
405 2112 513 2182 pulndes
528 2111 554 2164 itt
571 2111 706 2181 spoletino
719 2109 850 2162 territorio
866 2124 896 2160 eu
910 2123 956 2160 ret

194 2194 360 2238 concesserat
372 2183 538 2245 conditione,
552 2193 580 2233 ut
596 2183 617 2234 si
632 2197 721 2234 eorum
743 2196 822 2247 opera
837 2178 955 2231 exsicco-

193 2262 268 2309 retur
290 2255 400 2318 illuvies,
416 2253 526 2305 libentio
541 2268 602 2304 rura
626 2252 689 2319 ipsis
715 2250 888 2318 proficerem
912 2246 958 2300 secl

194 2341 255 2378 cum
269 2323 376 2376 Dentitii
391 2323 451 2375 titio
462 2322 552 2374 irritus
564 2324 630 2391 soret
645 2319 718 2373 labor
732 2320 866 2388 ittroeptus,
883 2333 957 2368 ntun-

194 2397 241 2448 101
257 2393 368 2456 Jontttti,
392 2394 478 2463 ipsunt
491 2392 635 2452 corruerint,
649 2400 676 2441 ut
701 2397 744 2441 unt
772 2399 880 2457 coeptnut
905 2401 958 2438 rcnt

194 2464 327 2535 perficiat,
344 2471 389 2514 out
404 2462 466 2532 Sper
483 2463 618 2531 proprioru
629 2459 703 2513 redut
713 2459 869 2529 portionem,

197 2575 292 2633 Grave
308 2577 387 2630 nimis
402 2582 443 2630 est
456 2582 485 2628 ut
498 2572 588 2629 fructu
602 2572 700 2626 laboris
712 2571 753 2625 sui
767 2569 905 2624 lraudctur
920 2569 962 2623 iu·

163 2667 300 2734 dustritts3
316 2675 344 2721 et
357 2665 402 2720 cui
416 2663 498 2720 debet
521 2679 569 2734 pro
584 2662 728 2717 sedulitate
750 2659 867 2716 conlerri
892 2675 961 2730 prte-

167 2761 265 2827 uium,
281 2758 451 2830 dispendium
463 2758 581 2827 patiatur
596 2756 742 2825 injustum;
765 2754 792 2809 in
807 2769 838 2809 ea
852 2769 964 2824 praeser-

169 2858 216 2908 tim
232 2867 274 2919 re,
305 2866 365 2920 quat
387 2851 421 2906 ad
449 2860 568 2905 nostram
594 2848 703 2918 respicit
722 2847 871 2915 largitatem
892 2865 899 2900 :
919 2846 965 2902 ulti

167 2944 235 2999 niltil
263 2942 347 2997 debet
369 2940 453 2996 licere
478 2939 657 3008 negligentiae,
674 2954 708 2993 ue
723 2937 865 2994 videamur
878 2937 966 2991 minus

166 3034 310 3106 profutura
325 3033 456 3087 sattxisse.
474 3030 576 3087 bitonnt
587 3030 719 3099 siquidem
735 3028 798 3099 Spei
812 3039 839 3083 et
850 3026 967 3083 Domitio
981 3037 1004 3098 (ζ

168 3123 367 3195 spectabilibus
381 3123 445 3176 uiris
460 3122 520 3176 loca
544 3122 572 3175 in
587 3120 728 3189 spoletino
753 3119 898 3181 territorio,
915 3133 970 3174 eoe·

167 3218 246 3272 nosis
272 3213 418 3269 liuentibus
432 3213 562 3267 inutiliter
581 3220 731 3281 occupata,
755 3210 863 3279 largitas
878 3218 970 3264 nostra

167 3314 359 3365 concesserat:
375 3305 419 3358 ubi
431 3318 561 3372 aqttarum
576 3312 651 3356 rasta
664 3301 971 3371 proiurtditastcrrenam

168 3399 288 3468 gratiam
305 3396 331 3449 in
351 3395 439 3448 nullos
454 3409 518 3448 usus
536 3395 703 3463 profuturam
720 3392 789 3463 (ed,
805 3390 971 3461 profuturos)

171 3487 364 3542 absorbuerat.
379 3484 492 3539 iacebat
502 3484 580 3539 tellus
592 3483 730 3551 naufraga,
743 3481 855 3552 palustri
864 3490 973 3551 torpore

170 3580 301 3642 confusa,
315 3584 342 3631 et
356 3576 406 3631 sub
421 3583 536 3644 utroque
548 3573 649 3643 jactata
664 3573 815 3643 dispendia,
828 3587 877 3627 nec
890 3587 974 3641 aqua·

170 3683 234 3721 rum
251 3682 335 3736 purus
350 3665 470 3735 liquores
485 3672 629 3729 meruerat,
646 3672 674 3718 et
685 3664 767 3718 decus
782 3670 895 3716 terrente
908 3662 974 3717 soli·

171 3759 271 3813 ditatis
283 3759 420 3812 amiserat.
434 3755 491 3812 lloc
506 3771 566 3823 nos,
582 3756 680 3826 quibus
694 3757 769 3810 cordi
784 3765 825 3810 est
840 3757 867 3810 in
880 3755 975 3812 melius

170 3859 276 3906 concta
301 3859 415 3914 mutare,
441 3864 522 3919 supra
551 3849 709 3903 tuetuoratis
733 3849 778 3902 tali
819 3848 975 3903 conditione

171 3941 378 4006 concretione
395 3943 454 3996 utsi
469 3957 563 3996 eorunt
578 3957 660 4010 opera
677 3941 716 3997 rel
731 3940 916 4009 laboretttrpis
926 3940 976 3994 de·

172 4035 331 4088 siccaretur
359 4032 473 4096 illuvies,
499 4032 564 4102 ipsis
590 4031 702 4086 liberata
725 4047 787 4086 rura
803 4030 974 4101 proficerent.

171 4123 232 4178 Sed
243 4131 374 4192 quautam
390 4131 511 4177 actorum
524 4124 770 4194 (utar.,aoctorum)
783 4121 846 4190 Spei
857 4121 977 4189 loquitur

172 4214 287 4282 ingesta
304 4214 408 4282 petitio,
426 4213 535 4267 bomitii
559 4213 608 4266 viti
631 4213 785 4282 spectabilis
811 4212 887 4276 titio,
913 4211 976 4266 dum

173 4307 327 4359 immernor
337 4303 466 4370 ,iussionis
481 4304 611 4358 tenaciter
621 4304 708 4372 parcit
718 4302 855 4372 expensis,
872 4301 905 4355 ad
927 4301 976 4355 ini·

172 4395 249 4448 tium
270 4403 414 4450 revocatus
435 4395 564 4448 estlaltor
585 4396 765 4464 operantium,
792 4411 853 4449 cum
873 4394 929 4464 jam
949 4394 1015 4467 inp)

175 4486 232 4540 toli
262 4484 358 4540 faciem
385 4487 511 4555 paulatim
528 4486 654 4541 mollities
679 4488 780 4541 siccata
807 4487 977 4560 duresceret,

171 4575 355 4644 celatamque
382 4575 459 4644 lunga
475 4579 623 4631 voracitate
649 4576 773 4633 tellurem
790 4578 830 4633 501
858 4579 979 4633 insuetus

172 4666 300 4721 amaret.
317 4665 395 4732 Quod
406 4682 632 4738 nosnequatptarn
641 4667 739 4735 negligi
751 4670 979 4738 possepatiemur,

171 4767 205 4812 ut
220 4759 295 4812 bene
314 4766 403 4828 coepta
419 4758 508 4813 incita
529 4761 704 4814 destruantur
724 4761 837 4828 ignavia.
866 4760 982 4818 Proinde

170 4849 355 4904 devotionne
381 4849 680 4919 praeiatuutliotnitium
707 4852 844 4906 moderata
868 4866 982 4907 exsecu-

171 4941 261 4995 tione
273 4941 425 5004 eonveuiat,
442 4951 472 4994 ut
494 4950 540 4995 aut
553 4950 648 5012 eoeptae
663 4942 702 4996 rei
721 4942 829 4998 sedulus
854 4952 982 5013 operator

170 5030 335 5094 itnutineat,
351 5043 398 5086 aut
417 5033 439 5088 si
451 5034 502 5087 boc
515 5033 565 5087 sibi
581 5042 768 5103 sumptuosum
783 5049 843 5090 esse
856 5033 979 5089 credide-

171 5125 230 5190 rit,
251 5124 388 5192 propriam
409 5125 490 5178 cedat
508 5124 670 5193 supplicanti
686 5126 849 5195 portionem.
866 5125 981 5194 Oportet

168 5215 273 5279 entim,
301 5222 330 5268 ut
349 5212 372 5265 si
398 5212 455 5282 ipse
478 5228 561 5284 opera
582 5215 718 5282 postulata
737 5215 830 5284 nequit
853 5215 978 5280 elllcere,

216 5434 234 5461 ⁸
261 5419 433 5476 Conveniunt
445 5437 504 5490 que
519 5438 533 5475 a
546 5421 736 5490 jureconsultis
750 5421 784 5476 de
801 5421 978 5478 catlureriltus

170 5497 380 5547 statunatorum
414 5494 575 5560 sepeliendis
606 5492 776 5562 disputantur
820 5493 863 5547 lib.
901 5509 980 5546 ‚turm

172 5565 322 5625 Pattdect,
337 5561 378 5612 ut.
395 5561 442 5614 ult.
459 5563 607 5616 Arianusiu
622 5563 769 5632 Epictetum
786 5562 830 5614 lilt.
849 5579 865 5624 t,
878 5581 936 5630 cap.
952 5565 978 5618 11.
1006 5566 1010 5574 ’

171 5637 220 5694 ite
237 5647 308 5689 cura
322 5630 466 5699 sepulture
481 5634 590 5695 ltuinsce
601 5635 645 5688 lib.
662 5637 739 5705 epist.
761 5633 800 5687 19.
819 5633 935 5689 tionem.

1006 1721 1154 1774 uideamur.
1169 1716 1437 1787 insatiabilisquippe
1447 1715 1525 1770 lletus
1534 1720 1586 1779 est,
1598 1711 1643 1782 qui
1654 1707 1795 1765 ltumandis

1006 1824 1060 1864 non
1075 1808 1173 1863 sinitur
1187 1806 1347 1875 corporibus
1374 1805 1523 1860 iuteresse:
1542 1801 1605 1855 tluut
1631 1812 1738 1869 semper
1764 1811 1796 1852 se

1005 1916 1082 1955 reum
1095 1898 1209 1969 judicat,
1220 1897 1266 1966 qui
1276 1897 1411 1952 cineribus
1423 1894 1495 1963 justa
1512 1908 1566 1947 uon
1585 1896 1702 1961 praestat.
1720 1886 1795 1942 Prin·

1006 1997 1177 2058 musguanto
1189 1985 1278 2057 pretio
1292 1984 1475 2055 sepeliendum
1494 1980 1638 2037 ilectnrem
1660 1975 1796 2033 redemit?

1007 2082 1122 2152 Rogavit
1145 2079 1293 2141 furentem,
1322 2075 1483 2146 supplicavit
1504 2081 1623 2138 armato,
1658 2071 1796 2138 uitamque

1007 2187 1083 2226 suam
1094 2183 1231 2240 exponere
1240 2167 1343 2235 maluit,
1359 2176 1388 2222 ut
1399 2165 1523 2222 cadaveri
1537 2163 1625 2219 debila
1639 2177 1693 2217 non
1709 2173 1795 2229 nega·

1008 2273 1060 2320 ret.
1082 2262 1115 2316 Et
1138 2263 1266 2332 quoniam
1291 2261 1316 2314 in
1332 2260 1372 2314 itis
1387 2258 1509 2330 personis
1522 2265 1614 2312 mutua
1634 2263 1696 2311 sunt
1710 2254 1798 2309 oilleia

1012 2357 1130 2428 pietatis,
1146 2354 1266 2424 iniquum
1278 2361 1320 2408 est
1333 2352 1414 2405 lilium
1427 2350 1543 2420 genitori
1553 2348 1670 2419 gratuito
1682 2362 1734 2402 non
1749 2345 1800 2399 int·

1012 2446 1139 2517 pendere,
1151 2442 1223 2514 quod
1239 2451 1342 2513 patrem
1362 2442 1466 2509 magnis
1481 2439 1590 2495 talentis
1602 2435 1723 2494 obustitit
1736 2433 1805 2489 elle·

1012 2551 1092 2592 ctsse.

1269 2643 1434 2701 aristote
1448 2639 1541 2698 1111111.

1014 2759 1141 2809 tarento,
1161 2756 1289 2798 nestorio
1316 2756 1350 2795 ar
1374 2752 1515 2793 ritannuto
1539 2751 1607 2792 vtnts
1625 2746 1805 2790 scurronum

1279 2845 1460 2887 ruaouontcus
1471 2844 1533 2883 nex.

1018 2943 1042 2998 F
1044 2943 1149 3017 ipttlinte
1168 2961 1184 2997 o
1200 2960 1257 3014 repe
1278 2944 1342 3012 ipris
1355 2940 1539 3007 conceduntur,
1553 2947 1577 2992 et
1597 2938 1669 3007 regia
1682 2936 1808 3007 protectio

1127 3025 1218 3069 eontra
1228 3012 1357 3084 improbos
1372 3021 1396 3065 et
1412 3010 1516 3065 dolosos
1531 3010 1698 3081 promittitur.

1058 3126 1140 3181 Decet
1153 3123 1238 3179 nostri
1251 3121 1380 3192 temporis
1394 3121 1578 3191 disciplinam,
1593 3128 1623 3174 ut
1634 3119 1680 3188 qui
1694 3118 1810 3189 publicis

1022 3217 1182 3272 utilitatibus
1197 3216 1337 3280 'seruiunt
1365 3213 1506 3283 superfluis
1531 3213 1659 3269 oneribus
1681 3229 1735 3268 uon
1749 3226 1810 3282 gra·

1023 3316 1128 3374 rentur.
1145 3306 1201 3362 Nee
1214 3307 1322 3375 dignum
1334 3314 1376 3360 est
1390 3313 1420 3360 ut
1442 3305 1599 3375 utnusquam
1615 3303 1694 3358 laedat
1713 3302 1812 3358 iutilia

1023 3399 1123 3454 nostris
1137 3398 1256 3452 moribus
1266 3396 1398 3452 ordinata.
1412 3395 1583 3465 Quapropter
1597 3392 1712 3462 ligulinis
1730 3393 1814 3462 Regia

1024 3490 1100 3544 rttltis
1111 3489 1275 3545 auctoritate
1288 3486 1425 3543 concessis
1443 3501 1553 3557 operam
1568 3494 1700 3541 navanter
1709 3486 1813 3556 impen-

1025 3579 1095 3643 dite;
1110 3593 1161 3633 nec
1176 3577 1322 3634 vereamini
1337 3577 1371 3631 ad
1382 3576 1448 3631 alius
1462 3591 1508 3631 ros
1522 3575 1642 3632 actiones
1662 3590 1741 3646 posse
1755 3584 1813 3630 tra·

1025 3667 1097 3735 duci,
1111 3684 1126 3722 a
1138 3667 1235 3737 quibus
1259 3667 1378 3737 injuncta
1392 3667 1535 3736 prasentia
1549 3666 1593 3721 rix
1617 3665 1751 3720 eredimus
1764 3680 1815 3719 ex-

1026 3759 1131 3831 plicari.
1146 3760 1270 3814 Cessabit
1282 3772 1347 3829 crgo
1362 3759 1434 3814 eirca
1448 3774 1495 3814 ros
1507 3758 1690 3829 improborum
1702 3754 1815 3812 nefanda

1027 3856 1209 3926 praesumptio,
1225 3863 1254 3909 et
1274 3853 1395 3909 obscuris
1410 3853 1480 3910 dolis
1495 3852 1619 3909 ellectum
1640 3859 1730 3908 nostra
1746 3850 1817 3904 tollit

1028 3945 1506 4007 00010111151000550010010101111,
1535 3943 1578 3998 cui
1606 3956 1637 3998 se
1663 3940 1817 4012 principalis

1028 4038 1172 4093 clementia
1185 4037 1324 4106 objecerit.

1283 4173 1449 4228 bristout
1467 4171 1562 4227 XXIV.

1141 4279 1254 4318 sentim
1267 4278 1340 4317 unnts
1353 4277 1431 4317 noua
1447 4276 1629 4318 rttsouonreus
1643 4276 1707 4315 aar.

1030 4355 1101 4410 Dicit
1115 4372 1142 4410 re
1155 4355 1349 4426 prouincialium
1357 4353 1474 4423 indicunt
1485 4355 1609 4407 relatione
1623 4353 1658 4406 ud
1670 4353 1821 4424 preelectum

1064 4429 1184 4497 proterio
1200 4427 1297 4478 directo
1312 4426 1481 4493 cantuaritae.
1503 4425 1539 4477 si⁴
1554 4424 1645 4491 pritnte
1659 4424 1821 4494 eectipuiinnt

1066 4498 1191 4550 iiintionts
1208 4509 1305 4564 ternpus
1317 4495 1442 4563 cluprtnn,
1458 4504 1484 4547 ut
1505 4495 1571 4548 uilril
1586 4506 1629 4548 out
1643 4510 1735 4564 partun
1747 4510 1763 4545 o
1777 4508 1822 4545 te-

1066 4570 1175 4620 11010115
1191 4567 1308 4620 dontibus
1319 4575 1415 4618 rottrtet
1428 4567 1545 4625 illatrant:
1569 4575 1643 4636 utque
1663 4564 1720 4618 ideo
1736 4572 1823 4616 tenues

1068 4655 1213 4706 oppressor,
1226 4654 1289 4710 ptrue
1300 4637 1420 4688 decuerat
1434 4635 1571 4689 subleuari.
1602 4633 1753 4702 11001032
1768 4646 1824 4683 nto-

1068 4718 1110 4762 nct
1133 4721 1260 4774 sertatum,
1289 4708 1326 4760 sic
1352 4709 1439 4758 omnia
1465 4707 1625 4775 mqttubiliter
1652 4701 1769 4765 ordinet,
1794 4705 1823 4752 nt

1068 4777 1190 4847 quidquid
1200 4792 1359 4848 ttttttpnrrque
1374 4776 1465 4830 duntur
1476 4778 1605 4830 terretorio
1616 4774 1761 4843 profitetur,
1779 4769 1825 4823 tie·

1069 4850 1173 4903 stirmis
1188 4847 1396 4916 procuratoribus
1407 4862 1453 4916 per
1466 4846 1611 4916 prouinciae
1627 4845 1696 4896 trinu
1707 4841 1824 4896 illatione

1070 4921 1207 4989 persoluat.

1072 5033 1185 5089 Constat
1207 5040 1328 5086 senatum
1344 5030 1450 5101 populis
1463 5028 1568 5084 ritettdi
1588 5025 1707 5096 regulam
1720 5024 1826 5095 praesti⁴

1036 5126 1110 5180 iisse.
1122 5123 1187 5179 Nam
1201 5123 1271 5194 quod
1284 5131 1363 5177 ornat
1378 5137 1475 5176 nomen
1491 5120 1651 5182 lloutauum,
1667 5133 1682 5172 a
1694 5116 1771 5173 robis
1783 5117 1826 5170 le·

1034 5216 1106 5284 gitur
1120 5215 1279 5269 institutum.
1296 5210 1336 5266 dd
1354 5212 1406 5268 boc
1421 5211 1515 5266 Patres
1528 5211 1555 5264 iu
1571 5210 1616 5265 1110
1631 5212 1764 5283 principio
1775 5223 1825 5263 uo·

1068 5421 1082 5461 t
1103 5421 1222 5476 ablrersu
1234 5421 1340 5474 fortuna
1353 5417 1489 5474 utentibus
1503 5433 1558 5474 nou
1569 5427 1609 5475 est
1622 5419 1761 5477 calamitas
1775 5439 1826 5479 uo-

1037 5511 1070 5546 vo
1087 5491 1182 5549 tlclore
1201 5490 1371 5546 euutttlotula.
1399 5490 1427 5544 ln
1441 5490 1563 5544 eamdem
1577 5491 1739 5545 seutentiam
1761 5494 1778 5547 1.
1799 5495 1826 5558 11.

1036 5567 1066 5620 dc
1080 5563 1141 5631 jure
1157 5568 1213 5622 dot.
1230 5563 1247 5616 l.
1264 5561 1302 5614 11.
1321 5560 1410 5617 [littus.
1425 5560 1458 5616 de
1473 5557 1517 5615 011.
1535 5562 1640 5632 pinsiti.
1655 5559 1675 5614 F
1677 5577 1777 5620 onaan.
