4059 6184
173 307 244 368 1085
706 301 863 359 tttstbtttn
879 299 1102 358 Tutbtltlttt.
1123 302 1224 359 staats
1238 304 1309 361 stt..
1740 299 1809 357 lust

172 428 297 485 sessione
315 429 470 495 segregam;
486 417 557 492 ottod
580 417 660 478 etiam
683 415 894 471 coutcrsationts
910 413 968 481 eltis
984 413 1084 481 Aejus
1100 413 1185 469 ittemt
1209 424 1286 469 natus
1302 411 1454 480 taipertum.
1480 407 1513 463 Et
1535 423 1600 477 secu
1619 409 1657 463 nti
1672 408 1813 466 consulatu

172 518 291 591 qualitas
304 515 474 572 ostendebat.
487 513 544 569 Una
559 513 629 564 enim
642 509 729 564 tunica
745 508 882 569 titulatur,
897 502 970 560 sem·
1022 505 1071 572 an
1082 505 1144 560 icini
1160 514 1187 560 ct
1200 506 1288 560 lorini
1310 506 1371 576 (Aa.
1390 502 1465 556 bom.
1482 500 1547 570 atta>
1565 501 1700 571 grandinis
1723 500 1807 555 tnulti·

175 625 225 680 per
238 606 393 664 ambulabat
403 604 584 660 excalceatus.
597 601 647 668 Qtti
663 615 715 655 uon
730 600 809 669 longo
827 605 887 666 post
899 608 969 651 tem·
1023 598 1087 652 tndo
1101 598 1127 652 in
1139 595 1434 667 Constantinopolitaua
1448 596 1514 649 urbe
1524 592 1643 648 secunda
1654 592 1725 648 lttttii
1739 607 1810 647 mert-

175 715 242 769 pore
256 706 397 755 resocatus
421 707 473 762 est,
497 694 682 760 ecclesiasque
698 690 810 760 recepit.
835 686 918 757 dujtts
932 686 970 742 rei
1023 689 1061 743 sis
1076 688 1130 756 die,
1148 702 1275 743 saturum
1290 701 1388 760 gerens
1407 682 1622 747 situilitudinem,
1636 682 1811 738 nebetttentcr
1874 758 1879 759 γ

176 789 227 846 luit
237 799 332 844 auctor
341 786 449 856 quidam
461 785 617 847 llartianus,
630 783 693 847 uita,
711 781 876 850 scientiaque
890 778 969 848 311

177 878 320 945 mirabilis,
332 877 433 931 dudum
449 873 557 945 nnideur
573 873 600 926 in
616 871 751 941 regalilnts
767 869 895 934 militans,
908 878 972 921 tunc

178 978 269 1026 autem
293 968 435 1039 presbyter
459 966 631 1028 donatianus,
657 972 742 1016 artam
769 959 971 1028 grammaticam

179 1059 354 1129 imperatoris
368 1059 437 1112 lilios
457 1055 588 1113 edocebat
605 1053 776 1108 Anastasiam
794 1058 875 1118 atoue
890 1050 973 1104 Caro·

179 1151 428 1220 consuranorum
442 1146 597 1203 nominibus
616 1145 747 1198 ltactenus
758 1142 936 1197 anastasiana
946 1146 973 1195 et

179 1240 327 1297 Carosiana
354 1240 461 1295 lavacra
485 1239 590 1310 publica
611 1234 844 1304 Constantinopoli
871 1247 975 1289 nuncu·

179 1342 288 1405 pantttr.
302 1333 451 1399 Sozousa,
463 1331 509 1385 lib.
525 1346 561 1398 tn,
573 1345 631 1401 cap.
642 1328 670 1395 9,
686 1345 714 1398 p.
731 1325 793 1383 dib.

469 1462 583 1521 CAPUT
605 1461 678 1518 xst.

254 1554 291 1610 lic
304 1554 478 1611 destructione
496 1569 629 1609 marorum
648 1551 902 1607 steatomata.

218 1666 301 1738 igitur
327 1668 473 1738 imperator
500 1666 599 1723 Valens
622 1664 853 1722 Chalcedonensis
881 1662 974 1729 urbis,

1023 777 1180 834 edttnditttr.
1200 776 1276 845 Quod
1295 775 1369 831 tttnlti
1385 774 1508 829 dicebant
1521 782 1631 843 propter
1643 779 1745 828 mottttn
1761 773 1812 826 im·

1024 868 1155 938 paratoria
1170 866 1304 932 accidere,
1319 865 1365 935 qni
1386 863 1517 934 plurimos
1531 863 1700 918 sacerdotum
1721 863 1817 917 exsilio

1024 960 1216 1029 deportaverat
1232 959 1358 1014 Eudoxio
1372 959 1573 1013 cotitmunicare
1587 955 1728 1025 fugientes.
1755 954 1819 1009 l’nst

1025 1054 1160 1124 paululant
1173 1068 1237 1109 uero
1253 1064 1358 1122 tempus
1370 1051 1466 1108 eodem
1488 1050 1638 1118 cottsulntu,
1655 1047 1819 1103 Valentinia-

1026 1160 1077 1199 nus
1090 1146 1215 1213 princeps
1230 1143 1315 1198 lilium
1331 1143 1486 1197 Gratianum
1510 1143 1700 1208 imperatorem
1714 1140 1820 1194 eonsti-

1027 1237 1087 1304 tuit,
1100 1236 1227 1292 vicesima
1242 1246 1337 1304 attacta
1361 1234 1405 1290 die
1429 1233 1528 1288 mettsis
1547 1230 1672 1301 Augusti.
1691 1228 1819 1300 Seqttenti

1028 1323 1425 1385 vcroconsu'atullalentiniani
1440 1323 1568 1390 secundo,
1581 1331 1608 1378 et
1619 1320 1740 1378 Valentis
1755 1320 1818 1374 itum

1027 1418 1146 1474 secundo
1164 1417 1226 1487 (aar.
1248 1416 1324 1470 bam.
1346 1413 1423 1486 568),
1446 1422 1616 1470 terraemotus
1633 1414 1708 1467 circa
1730 1410 1818 1479 llitby·

1028 1510 1099 1564 niam
1122 1509 1257 1563 maximus
1279 1507 1396 1562 Nicaeam
1413 1504 1545 1560 subuertit
1558 1503 1664 1568 urbem,
1679 1501 1820 1557 undecima

1029 1602 1073 1656 die
1087 1601 1188 1656 mensis
1201 1598 1335 1655 Octobris.
1351 1597 1487 1667 Agebatur
1501 1595 1573 1651 enim
1595 1607 1682 1648 annus
1696 1593 1818 1649 doudeci-

1030 1706 1089 1746 mns
1104 1700 1165 1760 post
1179 1687 1341 1745 Nicomedia
1352 1701 1455 1742 casum.
1472 1687 1535 1741 Post
1546 1699 1661 1755 paucum
1676 1698 1741 1740 uero
1755 1694 1818 1738 tcm·
1912 1708 1926 1721 -

182 1767 277 1814 ⁰⁰⁰¹'²
293 1759 449 1829 ⁸5²³¹¹¹³¹¹¹¹¹
462 1758 566 1828 ”mim
579 1771 671 1812 ΜΝ
681 1755 783 1811 dmi
794 1753 885 1857 jufffl·
898 1753 977 1857 ΙΨ
992 1786 1016 1846 Β
1031 1798 1079 1851 ptus
1093 1784 1147 1837 alio
1160 1790 1314 1836 terremotu
1325 1778 1416 1835 multae
1427 1786 1517 1848 partes
1531 1776 1638 1832 Germa.
1653 1776 1782 1844 ciuitatis,
1795 1778 1822 1828 io
1838 1822 1850 1832 .

182 1859 259 1904 '⁰⁹³²
273 1851 345 1905 ‘nim
369 1851 419 1905 ¹¹⁰⁰
443 1864 474 1904 ⁸⁰
499 1850 645 1914 mmmm·
673 1855 787 1918 *ωηο
810 1853 900 1900 *¹⁰¹⁰*
915 1859 975 1913 ΨΜ
1032 1872 1205 1940 ltoltcspontu
1216 1872 1379 1934 constituta,
1394 1868 1539 1924 destructae
1551 1876 1622 1922 sunt.
1644 1867 1694 1921 llis
1708 1881 1772 1936 crgo
1787 1867 1825 1919 ita

184 1939 420 1998 ctatatoncnaes
430 1943 521 1998 latore
533 1940 640 2013 tyranni
656 1938 681 1995 ei
696 1948 789 2006 turpes
800 1936 977 2013 contumatiae

138 2099 143 2109 ,
182 2031 341 2108 intulerunt,
355 2043 383 2088 et
399 2042 491 2102 portas
513 2032 634 2087 elausere
655 2030 781 2085 civitatis.
798 2030 889 2084 Murus
913 2040 978 2093 ergo

183 2125 303 2199 iussione
318 2124 505 2181 destruebatur
524 2118 704 2194 imperatoris,
717 2131 745 2178 et
759 2136 822 2176 sara
838 2121 871 2175 ad
892 2120 978 2175 redili-

168 2217 255 2274 ιοἱιιιιι
272 2219 448 2284 thermarum,
462 2233 522 2287 qua
535 2216 735 2273 Constantiana
749 2224 890 2282 uocantur,
903 2213 978 2270 Con·

185 2311 386 2381 stantinopolim
399 2311 575 2367 nubebantur.
598 2310 741 2374 inernuaa
753 2324 818 2363 saxa
836 2323 917 2362 unum
937 2308 978 2361 in·

185 2412 294 2457 rentum
308 2414 356 2458 est
365 2403 392 2457 itt
406 2415 460 2471 quo
471 2416 630 2469 responsum
645 2400 797 2455 labebatur
806 2398 977 2467 inscriptum,

162 2493 250 2547 .olitn
265 2494 373 2562 tpttidetn
388 2492 566 2557 absconsum,
588 2500 651 2545 tunc
673 2490 786 2593 quidgnr
797 2488 977 2543 artanilcstum.

187 2584 361 2655 significabat
383 2583 466 2648 enim,
482 2585 543 2655 quia
571 2583 634 2639 dum
664 2584 821 2653 proueniret
849 2596 979 2652 tatrarntn

1031 1964 1258 2034 taronetiicntibus,
1284 1962 1356 2018 nulla
1378 1961 1530 2017 reuerentia
1546 1959 1650 2024 terruit,
1668 1973 1756 2030 neque
1772 1956 1820 2011 Ru·

1029 2054 1143 2111 clarium
1157 2054 1318 2109 arianorum
1334 2052 1500 2121 episcopum,
1515 2063 1605 2118 neque
1620 2048 1758 2105 Valentem
1776 2049 1819 2103 im·

1030 2154 1192 2216 paratorum.
1206 2143 1343 2199 Nouenim
1354 2159 1369 2197 a
1380 2141 1564 2212 persecutione
1575 2142 1727 2196 ccssalrant.
1740 2139 1825 2195 Porro

1032 2251 1200 2295 terrantotus
1211 2236 1349 2290 turbarum
1365 2232 1608 2290 ecclesiasticarum
1625 2231 1752 2285 inilicitum
1765 2245 1826 2286 esso
1914 2280 1919 2291 ί

1031 2330 1180 2386 uidebatur.
1196 2327 1263 2383 Curti
1279 2339 1343 2397 ergo
1355 2324 1430 2379 multi
1442 2323 1614 2379 sacerdotum
1626 2319 1722 2377 exsilio
1734 2331 1826 2389 porta-

1031 2433 1134 2487 rentur,
1147 2421 1197 2475 soli
1208 2420 1298 2474 divina
1310 2416 1479 2487 providentia
1491 2427 1600 2487 propter
1610 2416 1772 2470 emittentem
1784 2414 1826 2468 sui

1032 2516 1208 2570 reuerentiam
1229 2511 1353 2567 exsilium
1368 2523 1422 2563 uon
1444 2517 1507 2562 suut
1529 2507 1598 2577 passi
1615 2506 1728 2561 Basilius
1743 2516 1821 2577 atque

1032 2604 1188 2673 Gregorius.
1204 2603 1323 2671 Quorum
1334 2602 1404 2655 alter
1417 2598 1525 2670 quidem
1540 2598 1670 2654 Caesarea,
1683 2596 1821 2668 Cappado-

186 2677 348 2733 abttndantia
363 2676 477 2745 ciuitati,
495 2684 559 2732 tnnc
570 2690 663 2731 murus
675 2675 783 2746 nunidem
800 2675 907 2729 lavacro
919 2689 979 2730 ser·
1031 2699 1139 2755 egaesui,
1149 2691 1459 2767 ,pascopusffioegofiug
1472 2702 1561 2748 ,mem
1573 2691 1750 2746 summm
1760 2689 1820 2745 ,hg

187 2771 254 2825 riret
269 2786 277 2837 ;
293 2768 442 2824 innumera
454 2783 520 2824 uero
536 2768 712 2824 barbarorum
733 2766 866 2832 nationes,
879 2765 980 2820 Roma-

188 2878 284 2917 norum
309 2861 408 2918 linibus
435 2860 629 2926 discurrentes,
656 2873 717 2913 cnm
752 2857 870 2913 crudelia
898 2857 980 2912 multa

190 2953 401 3020 committerent,
420 2951 566 3008 nouissime
580 2949 660 3007 etiam
686 2951 752 3016 insa
769 2950 898 3020 perirent.
916 2947 982 3003 Post

188 3047 356 3113 all-nantum
370 3046 459 3115 itaque
475 3055 581 3115 tempus
593 3042 683 3099 euenit
694 3041 829 3097 utValens
839 3040 982 3111 annedae·

189 3148 245 3194 tum
258 3136 415 3201 ediliceret,
429 3145 456 3191 et
466 3135 655 3191 abundantiam
666 3132 900 3202 Constantinopoli
914 3146 1019 3218 pra-c

190 3229 266 3284 beret
278 3241 422 3295 aqtrarum3
437 3236 501 3281 tunc
515 3228 597 3281 etiarn
619 3224 741 3280 barbare
764 3233 846 3280 mota
858 3233 921 3279 sunt
935 3238 982 3277 na·

190 3320 289 3373 tiones.
306 3315 474 3386 Respottaum
492 3325 583 3371 tattreu
605 3315 687 3370 etiam
710 3314 764 3370 alio
780 3314 861 3369 modo
871 3312 984 3383 contigit

190 3405 343 3476 atlitnpleri.
354 3407 421 3459 Cum
433 3403 505 3460 enim
519 3404 694 3475 aquaeductus
704 3405 731 3457 in
742 3403 878 3458 ciuitatem
890 3400 984 3457 inisset

192 3498 326 3560 tndnetus,
339 3497 480 3566 proiectus
491 3496 566 3552 urbis
582 3505 645 3551 tunc
655 3495 801 3552 Clearcltus
813 3493 982 3566 nymphaeum

192 3587 339 3642 trtoxinrnm
353 3586 497 3642 aedillcavit
522 3587 548 3641 in
566 3586 654 3656 platea
669 3602 730 3657 quae
753 3585 898 3641 Theodosii
914 3598 986 3641 nunc

194 3691 312 3746 tucatur,
325 3681 370 3735 ubi
383 3694 460 3749 aqum
471 3679 606 3735 attinentia
617 3689 658 3735 est
668 3680 767 3735 emissa
778 3697 786 3735 :
798 3679 824 3734 in
835 3694 888 3749 quo
897 3677 985 3732 maxi·
1036 3715 1099 3787 (Aa,
1116 3713 1193 3767 nom·
1202 3711 1265 3782 557)
1279 3729 1286 3766 :
1303 3711 1348 3781 ,lup
1361 3722 1409 3766 ΜΓ,

193 3786 262 3825 ιιιιιιι
277 3768 447 3825 festivitatem
462 3768 558 3825 civitas
574 3768 677 3825 ltabuit.
690 3769 743 3826 Sed
761 3769 811 3823 boc
823 3782 983 3838 responsum

194 3873 253 3934 post
275 3864 410 3933 paululum
431 3871 473 3919 est
492 3863 642 3933 impletum.
657 3862 742 3919 Porro
756 3863 819 3916 duni
834 3861 986 3916 solveretur

194 3971 299 4024 ruiturus,
315 3955 463 4025 principem
477 3953 765 4022 constantinopolitani
780 3961 942 4024 rogauerunt
957 3960 987 4008 ut

1033 2790 1095 2846 tatis
1114 2788 1225 2845 omuino
1239 2786 1388 2852 uilissimae,
1401 2799 1460 2852 nure
1480 2793 1523 2841 est
1534 2783 1621 2854 posita
1634 2782 1723 2839 uicina
1737 2781 1820 2838 Casa·

1034 2898 1098 2939 rere.
1117 2882 1154 2937 be
1172 2881 1271 2937 Basilio
1281 2889 1361 2950 atque
1374 2877 1507 2947 Gregorio
1522 2876 1678 2948 procedenti
1699 2889 1827 2934 sermone

1034 2973 1212 3028 narrabimus.
1236 2971 1386 3034 Socnnrss,
1407 2968 1452 3023 lib.
1473 2984 1510 3037 tn,
1531 2967 1620 3039 capi
1639 2976 1668 3023 et
1692 2964 1829 3022 ttamen.

1034 3064 1132 3120 Christ.
1152 3062 1239 3119 Voles.
1253 3078 1314 3131 cap.
1329 3063 1358 3128 b,
1370 3060 1415 3126 tb,
1429 3058 1474 3128 tl,
1490 3076 1516 3131 p.
1529 3058 1593 3114 sis.
1671 3112 1674 3117 ,

1317 3174 1430 3233 curat
1447 3174 1541 3231 xltltt.

1036 3270 1171 3340 Quomodo
1190 3270 1280 3327 Ariani
1304 3268 1503 3324 Macedoniouot
1523 3268 1620 3332 luserint
1645 3267 1783 3336 parcenti,
1804 3276 1829 3321 ot

1206 3340 1246 3395 itti
1259 3356 1287 3395 se
1300 3341 1455 3395 contuiert'nt
1469 3341 1503 3393 ad
1515 3338 1654 3393 Liberittttt.

1071 3434 1191 3506 Cauoque
1220 3432 1299 3505 igitur
1323 3446 1356 3488 co
1387 3443 1508 3502 tempore
1541 3426 1827 3486 consubstantialitatis

1036 3529 1131 3597 dogma
1152 3526 1310 3596 prolitentes
1323 3523 1497 3581 vehementer
1519 3521 1718 3592 affligerentur,
1733 3536 1828 3576 rursus

1038 3626 1225 3691 persecutores
1265 3626 1358 3674 contra
1373 3612 1596 3672 'staceaontanos
1622 3616 1828 3671 insurrexerunt

1411 3726 1464 3765 ore
1476 3710 1561 3782 magis
1575 3710 1754 3779 uiolentiaque
1764 3725 1829 3765 cun-

1037 3802 1134 3872 strieti,
1151 3802 1331 3873 persingulas
1345 3802 1468 3858 ciuitates
1487 3802 1666 3870 legationibus
1678 3798 1826 3872 iungeban-

1037 3905 1080 3951 tur
1093 3894 1163 3965 apnd
1186 3893 1349 3948 alterutros:
1364 3891 1517 3963 jardicnntcs
1532 3900 1561 3947 nt
1576 3906 1623 3961 per
1642 3891 1828 3947 necessitatem

1037 3987 1184 4058 coningere
1197 3985 1328 4042 deberent
1337 3987 1370 4040 ad
1385 3985 1495 4041 fratrem
1508 3977 1688 4054 irruperatdris,
1701 3984 1771 4038 etad
1786 3984 1829 4037 li·

195 4060 208 4099 ²
223 4043 485 4123 ⁰⁸⁰⁷¹=d⁰⁸¹¹⁰⁰⁸¹⁰⁰⁰
498 4052 628 4099 cmm·
638 4043 706 4099 cum
720 4044 909 4113 q⁰¹b¹¹⁵⁸¹i³m
920 4057 985 4113 ω’
1037 4082 1141 4137 barium
1162 4079 1288 4134 llotnanu
1311 4077 1385 4132 urbis
1405 4078 1572 4146 episcopum,
1588 4075 1665 4146 eitius
1680 4076 1759 4131 lltlent
1774 4092 1831 4129 atu-

195 4135 332 4202 plicabant
342 4148 511 4203 possessores
523 4133 666 4205 llitbyniae,
677 4133 896 4191 Nicomedieuses
908 4145 987 4204 atque

196 4227 305 4283 Nitenti.
321 4226 420 4281 lerum
436 4226 582 4295 imperator
596 4225 689 4281 lurore
703 4225 985 4296 plenus,uiat1tridem

195 4317 403 4390 supplicantium
416 4316 535 4387 suscepit
548 4331 651 4386 preces.
668 4317 769 4374 Valens
789 4306 880 4374 tamen
900 4316 989 4388 jusju-

196 4412 309 4466 randum
323 4409 451 4481 implere,
478 4424 584 4464 morunt
607 4410 776 4476 destruebat,

489 5003 604 5064 CAPUT
623 5004 707 5065 llxlt.

201 5100 240 5157 aa
252 5100 382 5159 nativitate
401 5098 579 5155 Valentiniani
593 5101 719 5163 urinaria,
735 5102 804 5154 etde
825 5098 993 5154 immensitate

307 5171 450 5242 grandinis,
468 5181 493 5225 ct
506 5172 538 5226 de
550 5181 607 5226 ortu
621 5171 744 5243 principis
757 5169 884 5224 Gratiani.

237 5261 293 5317 lloc
308 5262 399 5331 itaque
419 5270 541 5332 tempore
564 5261 626 5316 talia
650 5259 822 5332 gerebantur.
847 5256 993 5314 Sciendum

202 5362 291 5409 tatneo
317 5352 380 5423 qnia
407 5351 507 5409 belluna
539 5364 632 5408 contra
662 5352 820 5420 Procopium
846 5360 990 5423 tyranuum

201 5455 306 5516 gestum
330 5452 373 5501 est
391 5445 532 5500 consulatu
556 5444 688 5512 Gratiani,
708 5454 735 5500 et
757 5443 912 5516 Dagalaipltl
931 5443 993 5517 (aa.

206 5538 281 5592 dots.
296 5534 374 5605 666),
385 5538 455 5591 circa
472 5537 616 5592 terminum
631 5537 692 5592 stau
704 5539 814 5592 mensis.
830 5537 891 5593 Post
903 5536 996 5607 paulo·

205 5628 259 5683 inm
285 5644 348 5684 acro
369 5636 476 5698 tempus
502 5628 597 5683 eodem
625 5630 784 5698 consulatu,
811 5628 997 5686 Valentiniano

207 5720 331 5792 principi,
347 5719 374 5775 in
388 5717 543 5774 Occidentis
558 5719 678 5789 partibus
691 5720 848 5784 eonstituto,
863 5726 941 5777 natus
955 5730 998 5777 est

207 5810 278 5873 iltius
294 5825 392 5869 nomen
414 5808 535 5868 reterens
550 5808 645 5881 patris.
663 5809 762 5868 llcrum
776 5811 920 5869 Gratianus
934 5825 997 5871 anta

1038 4169 1318 4239 prlectebanturpotius
1329 4183 1409 4238 quam
1419 4166 1637 4222 communionem
1648 4165 1773 4221 sutorii.
1784 4166 1832 4221 tti-

1038 4270 1134 4318 serunt
1156 4276 1221 4331 ergo
1236 4260 1406 4316 Eustatblnm
1421 4260 1561 4325 sebastiae,
1587 4262 1631 4329 qni
1654 4257 1832 4326 saepefuerat

1038 4353 1187 4422 depositus.
1203 4351 1347 4424 Sylsanum
1361 4350 1438 4405 Tarsi
1461 4350 1573 4410 Ciliciae.
1589 4360 1670 4418 atnoe
1696 4350 1828 4419 Tlteoplti·

197 4504 204 4515 .
310 4500 317 4515 .
371 4503 376 4514 .
498 4500 533 4514 ..
768 4411 987 4515 ‚eumquewb‘
1038 4437 1668 4498 lum:mandantesnedectlnarentlideicansa
1685 4437 1831 4506 Liberium,

197 4502 258 4559 tude
281 4502 430 4557 mtnortbus
453 4501 587 4572 laptdtbns
608 4515 704 4559 rursus
724 4501 885 4559 aedtllcabat.
910 4502 986 4569 Quod
1001 4532 1088 4595 med
1104 4533 1233 4587 nomm
1247 4524 1479 4586 communicarem
1504 4528 1642 4597 Ecclesiae'
1658 4543 1684 4585 οι
1702 4530 1780 4587 Mem
1800 4531 1833 4586 dd

197 4610 268 4651 nunc
280 4594 362 4649 etiam
385 4594 412 4648 in
436 4592 596 4663 quibusdam
618 4593 689 4649 muri
707 4595 827 4663 partibus
843 4595 986 4665 invenitur,

197 4688 242 4744 ubi
258 4689 388 4743 maximis
403 4689 622 4757 mirabilibusque
634 4686 776 4758 lapsibus,
791 4688 851 4743 tilis
865 4704 936 4745 nunc
950 4688 990 4745 ta·

194 4778 270 4835 briea
293 4780 461 4849 superposita
483 4778 694 4835 demonstratur.
715 4778 871 4848 Socsnrss,
892 4781 937 4835 lib.
951 4795 989 4850 ιι,

193 4887 257 4947 rap.
272 4874 300 4938 8,
315 4890 343 4942 p.
363 4871 426 4929 sto.

1042 4621 1319 4678 consubstantialitate
1353 4622 1522 4677 roborarent.
1551 4620 1582 4676 tlt
1606 4620 1739 4692 sinnida-nt
1771 4639 1833 4678 cum

1043 4716 1139 4772 litteris
1152 4716 1177 4769 itt
1189 4714 1312 4772 Salanda
1322 4713 1468 4782 dispositis,
1480 4713 1513 4768 ad
1524 4715 1624 4769 ltaliam
1639 4728 1833 4786 pcrtcnrrnnt3

1044 4820 1070 4866 et
1085 4809 1274 4879 imperatorem
1290 4808 1398 4880 quidem
1413 4808 1504 4866 sidere
1523 4823 1577 4864 non
1597 4817 1761 4879 potuerunt;
1777 4818 1835 4867 erut

1044 4904 1116 4958 enim
1130 4913 1276 4973 occupatus
1291 4903 1317 4958 itt
1332 4901 1437 4971 Galliis,
1457 4914 1483 4959 et
1499 4908 1592 4958 contra
1607 4902 1782 4959 Sauromatas
1795 4904 1836 4957 tt-

1046 4996 1171 5051 tuirabat.
1186 4995 1293 5052 Liberis
1304 5005 1394 5051 tamen
1409 4996 1538 5064 epistolas
1556 4994 1720 5061 obtulerunt,
1731 4994 1774 5066 qui
1787 5010 1835 5051 eos

1045 5089 1183 5161 suscipere
1198 5090 1352 5144 nullatenus
1363 5087 1446 5144 uoluit
1456 5106 1463 5142 r
1475 5087 1567 5143 dicens
1578 5102 1626 5143 eos
1638 5087 1752 5144 boiarios
1763 5103 1835 5157 csse,

1045 5192 1097 5234 nec
1108 5178 1143 5232 ttb
1157 5176 1277 5233 Euclesia
1289 5178 1389 5247 suscipi
1406 5192 1494 5247 posse,
1503 5177 1548 5247 qui
1562 5175 1697 5232 Nicaenam
1712 5194 1764 5231 noa
1778 5194 1837 5234 sus·

1046 5269 1168 5338 ciperent
1184 5268 1274 5323 ntea.
1289 5269 1324 5325 Αι
1337 5267 1376 5324 illl
1388 5267 1586 5337 responderunt
1596 5282 1642 5339 per
1654 5268 1837 5337 poenitcntinnt

1046 5374 1076 5416 sc
1089 5360 1245 5429 cognouisse
1260 5360 1412 5426 ueritatem,
1432 5369 1460 5414 ct
1480 5360 1581 5417 dudum
1599 5360 1745 5433 abnegasse
1759 5362 1835 5419 dissi·

1048 5450 1207 5506 tui'itudinis
1234 5450 1325 5516 litlent,
1340 5460 1368 5507 et
1390 5450 1506 5508 similem
1527 5453 1664 5524 professos
1687 5468 1735 5523 per
1750 5458 1838 5509 «tartaria

1049 5540 1145 5595 Filium
1159 5540 1241 5605 run,
1259 5540 1379 5611 niltilque
1391 5539 1499 5597 tlillerre
1519 5556 1535 5595 a
1549 5542 1772 5599 ootrsubstantiali
1794 5560 1839 5612 puer

1048 5630 1138 5686 omnia
1150 5632 1277 5688 situilent.
1294 5630 1357 5688 ilae
1369 5632 1501 5698 diceutes,
1514 5633 1605 5705 exegit
1620 5633 1740 5688 Lilrcrius
1756 5638 1841 5707 scrip.

1050 5732 1104 5778 tant
1118 5737 1174 5779 sue
1193 5724 1338 5780 sententia
1352 5722 1418 5781 dare
1432 5722 1639 5796 professionem.
1658 5729 1692 5779 nt
1713 5722 1750 5781 illi
1766 5727 1841 5781 litut.

1051 5816 1107 5874 luttt
1126 5828 1305 5891 porrexerunt
1332 5818 1358 5874 itt
1378 5834 1432 5891 qno
1452 5819 1532 5876 ctiam
1549 5827 1748 5891 proposuerant
1762 5820 1842 5876 rerba
