4059 6184
149 232 202 290 tlt
800 226 981 286 ttultttdtt
1000 227 1098 283 ledtt
1119 228 1149 285 tt.
1743 237 1795 292 818

151 361 209 402 nott
233 342 354 415 pntmrit
373 342 503 408 inveniri,
529 344 665 416 corporali
686 343 820 414 supplicio
840 346 988 413 prunamd
1002 343 1092 399 ctione
1103 345 1278 411 mettescarrt;
1291 355 1318 401 et
1332 348 1376 417 qul
1392 349 1425 403 ab
1440 349 1518 407 irostc
1530 350 1595 409 larris
1609 358 1728 425 superari
1744 359 1794 414 ori·

152 434 303 506 leawini
315 448 369 490 nnn
378 433 498 504 potuerit
508 433 537 490 iu
546 433 700 505 supradicta
711 432 882 505 perculsione
893 430 949 486 sut.
1000 437 1073 491 nime
1100 444 1262 508 potuerunt,
1292 438 1326 494 ab
1353 439 1458 496 interna
1486 443 1575 513 potius
1602 447 1795 506 contrarietate

153 530 251 594 Ιιιειθι
266 538 295 586 02
316 527 461 585 simileid!
483 527 596 584 alitibtss
614 527 678 593 sitit,
692 540 772 598 poene
784 526 867 580 etism
887 525 948 579 inu-
1001 531 1152 586 tiucantor.
1165 529 1250 601 Perge
1264 531 1356 602 igitur,
1372 541 1483 591 astatore
1504 535 1568 602 Deo,
1591 539 1727 606 gressibus
1742 540 1795 599 tuis

153 617 392 687 rmdmtuamtae,
407 617 454 690 qui
466 626 563 675 eontra
582 617 724 674 interdicta
739 626 831 673 nostra
858 614 949 684 aliqua
1000 622 1035 676 ad
1046 621 1134 677 locum
1150 623 1318 693 pradictum.
1339 624 1415 680 llhsit
1437 626 1508 681 enim
1524 635 1554 682 ut
1567 627 1683 686 bellator
1702 640 1795 688 noster

153 709 376 782 tergiversatione
396 709 491 765 venire
512 709 667 765 tenerent.
692 708 764 763 Nitril
785 708 857 763 enim
876 721 950 762 scott-

154 815 225 867 rum,
240 798 306 855 nihil
316 798 419 870 poterit
431 798 528 858 stabile
538 799 662 870 reperiri,
678 799 702 855 si
715 811 825 870 semper
833 796 952 852 inriden-

153 891 223 948 dum
235 897 299 947 rota
310 889 344 946 ed
356 889 464 946 illicitm
476 889 608 947 accedere
624 890 815 960 permittantur
828 886 948 943 insidias.

154 980 233 1049 Quod
245 979 403 1051 magnitudo
421 987 511 1037 uestra
520 979 560 1054 ¹iu
574 980 694 1037 omnium
715 979 796 1036 iaciat
810 978 950 1049 peneuire

153 1070 290 1138 nodtiam,
306 1085 345 1128 ee
355 1070 418 1141 quis
436 1083 486 1141 per
504 1069 684 1140 ignorantiam
697 1084 728 1126 se
741 1067 878 1125 eastimet
899 1082 949 1123 ox·

154 1162 316 1231 eumdem
330 1163 405 1235 quoti
425 1177 481 1222 uon
503 1162 667 1220 intellexerit
678 1161 761 1221 luisse
773 1162 949 1234 nmhiuttunr.

417 1336 587 1396 uttstott
598 1337 695 1395 XXIX.

273 1465 430 1508 wmnmeo
443 1465 537 1507 contat
555 1465 748 1508 aunonensem
764 1467 825 1507 nex.

153 1563 280 1621 Concedit
292 1562 334 1618 illl
347 1561 498 1636 fucultatem
511 1579 594 1634 aquus
608 1561 731 1617 Boratior
741 1562 843 1632 petendi
858 1562 893 1616 ud
906 1579 950 1616 ee·

226 1639 343 1688 moderat
356 1634 511 1705 pompeam,
527 1649 586 1702 qrtm
598 1634 721 1706 propitios
734 1632 897 1688 describitur.

1000 715 1121 770 ambulet
1135 715 1369 786 passibusalienis.
1383 715 1488 787 Equino
1500 718 1592 783 dorso,
1607 735 1661 775 non
1676 722 1795 778 humana

1000 804 1177 860 subvectione
1200 807 1416 876 porteturrquia
1439 806 1497 864 uiro
1512 808 1573 864 lorti
1594 823 1675 879 grave
1695 813 1797 868 osteis

999 894 1102 962 rivere,
1127 904 1157 951 ut
1180 910 1231 952 nec
1254 897 1335 951 ritant
1357 898 1470 954 inertem
1493 900 1578 972 possit
1598 900 1664 974 led,
1679 912 1794 959 mortem

1001 988 1097 1060 possiti
1111 988 1234 1060 implere.
1246 988 1312 1058 Quae
1326 991 1387 1049 ideo
1401 993 1449 1048 tibi
1462 1004 1625 1064 exaggerata
1640 997 1796 1053 narratione

1001 1082 1153 1148 retulimus,
1170 1090 1200 1138 ut
1209 1082 1242 1138 ad
1258 1083 1375 1139 studium
1387 1085 1512 1141 sanitatis
1522 1085 1612 1142 sotira
1626 1086 1706 1143 niuris
1717 1088 1794 1158 cupi·

1001 1172 1087 1228 ditate
1099 1173 1223 1244 rapiaris.
1243 1171 1323 1230 litere
1338 1174 1418 1246 igitur
1433 1177 1509 1246 aquis
1519 1175 1582 1245 illis,
1598 1177 1714 1248 primunr
1729 1183 1795 1248 peta

1002 1262 1173 1329 delinitoriis,
1188 1264 1284 1321 deinde
1297 1265 1462 1321 thermarum
1485 1266 1695 1324 exhibitionibus
1708 1267 1793 1324 sicca-

1002 1356 1074 1422 tiris,
1089 1356 1135 1412 uhi
1149 1357 1247 1413 orento
1258 1356 1428 1414 indomabilis
1438 1360 1529 1417 cervis
1542 1359 1587 1415 illa
1601 1361 1734 1431 passionis
1747 1358 1796 1417 ile-

1002 1449 1094 1515 ctitur,
1107 1448 1216 1518 quando
1230 1449 1336 1506 interna
1346 1449 1460 1521 plurima
1474 1450 1604 1507 allusione
1618 1452 1793 1517 mundantur,

1002 1537 1137 1593 exteriora
1162 1540 1306 1594 attractiva
1329 1539 1430 1596 uirtute
1454 1539 1539 1597 libera
1565 1542 1643 1610 dunt,
1671 1550 1699 1598 ct
1722 1543 1796 1598 uelut

1002 1625 1106 1683 duobus
1117 1627 1223 1683 auxiliis
1233 1630 1405 1698 congregatis
1417 1627 1443 1684 in
1458 1630 1577 1687 medium
1588 1632 1669 1687 missa
1683 1648 1797 1704 supera·

190 1747 257 1805 lium
271 1746 358 1820 gentis
372 1755 425 1803 tuse
439 1746 597 1803 honoranda
609 1747 735 1803 nobilitas
749 1756 777 1803 et
790 1759 895 1816 magum
915 1746 946 1799 q.
962 1726 986 1787 B
1003 1724 1057 1771 llll·
1070 1716 1202 1772 mentiar
1219 1717 1274 1772 illic
1287 1732 1400 1773 munera
1415 1733 1544 1775 concessa
1563 1719 1702 1776 divinitus.
1722 1719 1795 1776 Carn-

153 1841 200 1894 dei
223 1840 384 1896 doettmenta
406 1836 555 1893 suasissent
578 1845 607 1892 ut
631 1836 678 1893 tibi
701 1837 795 1893 urbem
816 1836 947 1902 Ticinum,

152 1945 237 2000 quam
250 1928 382 2001 perbelle
396 1927 566 1994 defenderas,
584 1928 785 1997 gubernandam
800 1942 867 1999 pace
888 1941 949 1983 cre·

153 2022 290 2085 duremus,
314 2019 417 2075 limosae
432 2017 559 2090 podagrae
578 2019 666 2075 subita
687 2020 860 2078 inundatione
879 2036 951 2078 com·

154 2112 248 2182 plutas
260 2109 333 2183 [ms.,
347 2108 519 2179 completusl,
532 2123 615 2178 aquas
628 2108 751 2165 Bormias
761 2110 851 2180 potius
863 2112 949 2167 sicca·

154 2204 235 2269 tiras,
250 2200 382 2257 salutares
397 2200 459 2256 huie
473 2200 626 2273 specialiter
636 2202 765 2271 passioni,
778 2202 847 2257 uelle
863 2211 889 2257 te
903 2217 950 2272 pe·

154 2302 214 2348 tere
237 2292 389 2363 postulasti.
405 2291 572 2347 Desiderium
586 2303 658 2346 tuum
674 2292 816 2348 remediali
829 2292 950 2361 iussione

153 2400 293 2451 sanarrrus,
309 2392 339 2439 ιιι
362 2383 521 2454 sospitatem
544 2398 624 2453 quarn
646 2384 745 2441 merito
768 2384 796 2439 in
811 2393 837 2441 te
852 2384 951 2454 quaeri·

153 2490 229 2543 rnns,
243 2473 371 2544 jussionis
381 2471 513 2530 beneflcio
528 2475 721 2545 compleamus.
741 2474 818 2531 Absit
835 2475 907 2530 enim
922 2483 952 2530 ut

153 2565 317 2622 bellicosum
343 2566 430 2621 airum
455 2565 576 2637 tyrauttis
599 2566 764 2636 gravissime
791 2566 952 2623 calamitatis

153 2664 293 2722 umet,
307 2670 368 2727 qne
382 2656 451 2713 miro
465 2655 546 2712 modo
560 2657 680 2712 rnembra
690 2657 804 2713 uirentia
820 2655 953 2713 inlusione

153 2750 274 2822 pmeslis
297 2749 419 2804 humoris
432 2748 505 2819 cogit
525 2761 658 2816 arescere,
677 2748 816 2818 trodosque
837 2746 954 2804 mobiles

153 2842 246 2913 replet
259 2856 414 2897 marmoreo
429 2849 535 2897 tumore
548 2848 711 2907 crescentes,
732 2855 794 2897 cum
807 2840 880 2898 norit
898 2839 952 2895 alia

153 2941 385 2992 concursenare
401 2931 547 3002 juncturae.
576 2930 649 2988 Petit
674 2946 808 2989 concavae
830 2931 952 2999 lacunas,

153 3026 204 3084 ahi
213 3027 327 3098 palustri
342 3026 460 3082 statione
479 3025 644 3096 pigrescens,
664 3040 730 3082 saxa
751 3025 857 3097 perlicit
872 3023 907 3082 de
920 3025 953 3080 ll·

1000 1815 1044 1863 tea
1058 1807 1131 1863 illam
1144 1807 1253 1862 humani
1264 1809 1369 1876 generis
1380 1806 1582 1865 debellatricem
1593 1809 1656 1865 data
1670 1818 1732 1866 sunt
1746 1827 1796 1883 op·

1001 1907 1117 1968 portuen
1129 1898 1276 1955 munimina
1291 1898 1474 1967 lavacrorum
1487 1907 1604 1971 etquarn
1618 1917 1673 1957 tren
1686 1901 1796 1957 edomat

998 1991 1063 2060 lnge
1076 1989 1247 2058 decennium,
1267 2005 1322 2046 nott
1346 1989 1420 2046 mille
1439 1991 1579 2061 potionum
1594 1991 1681 2047 mollit
1701 1991 1795 2046 inuui-

1001 2087 1055 2145 tus,
1081 2080 1250 2149 voluptuosis
1269 2078 1324 2134 illio
1346 2078 1474 2134 remediis
1496 2076 1639 2148 effugatur.
1664 2077 1796 2135 Praeterit

1001 2179 1123 2244 optatum
1146 2169 1241 2226 Divina
1261 2167 1432 2237 benebcium,
1457 2176 1488 2224 ut
1501 2167 1599 2227 lernam
1613 2168 1666 2225 loci
1684 2167 1794 2224 verissi-

1001 2279 1074 2319 mam
1096 2269 1142 2318 tua
1157 2263 1247 2333 potius
1267 2260 1427 2316 salubritate
1444 2274 1599 2326 noscamus,
1614 2274 1694 2329 quem
1717 2258 1796 2318 nobis

1000 2353 1179 2411 desiderabile
1193 2359 1236 2410 est
1249 2351 1365 2409 eredere
1377 2348 1506 2422 quidquid
1524 2349 1619 2407 adimit
1635 2364 1796 2422 corpoream

1000 2446 1169 2516 sospitatem.
1594 2435 1599 2446 '

1262 2553 1428 2612 esistunt
1446 2553 1522 2610 XXX

1073 2688 1188 2732 nomento
1203 2687 1349 2730 curseto
1363 2686 1437 2728 uestit
1456 2684 1649 2728 resonemus
1660 2684 1725 2728 181.

1001 2784 1079 2842 dolet
1092 2797 1121 2841 et
1140 2786 1257 2842 ledentes
1350 2792 1426 2842 araus
1444 2798 1531 2839 eneas
1547 2782 1657 2854 pristim
1676 2783 1757 2837 meat
1774 2792 1800 2840 et

1038 2858 1295 2929 prmimtirestitaet.
1334 2871 1378 2910 aar
1390 2855 1538 2926 eleplettea
1548 2862 1573 2908 et
1583 2868 1673 2909 eoram
1681 2854 1800 2925 ρνοιιιὶο-

1041 2935 1106 2982 tates
1119 2926 1228 2997 mirifice
1241 2925 1369 2997 depingit.

1044 3019 1122 3092 109
1135 3017 1283 3074 delationis
1295 3025 1390 3074 restra
1401 3024 1495 3075 tenore
1509 3031 1702 3089 compertmus,
1714 3016 1743 3074 lu
1755 3017 1799 3078 ria

152 3131 259 3187 qnore3
271 3124 300 3171 et
313 3131 372 3187 quae
386 3116 420 3170 ad
434 3114 560 3171 decorem
570 3113 723 3171 inflexionis
736 3121 832 3170 natura
843 3085 990 3169 taxare-C
1005 3112 1099 3181 Sacra,
1114 3124 1195 3181 quam
1213 3109 1305 3166 multis
1324 3108 1561 3180 superstitionibus
1570 3108 1670 3166 dicarit
1680 3108 1745 3184 [erl.
1758 3105 1801 3184 db

153 3213 209 3272 rat,
221 3205 249 3260 in
264 3206 447 3276 turpissimum
459 3205 577 3275 rigorem
587 3204 723 3262 soliditate
734 3206 876 3276 peregrina
886 3221 954 3262 eon-

153 3297 276 3367 stringit.
291 3295 354 3352 llaec
367 3296 459 3369 passio
472 3296 628 3354 insanabilis
648 3303 677 3353 et
699 3296 801 3352 sanitas
822 3296 955 3366 passibilis

155 3389 223 3457 liget
241 3386 354 3454 sobrios,
372 3387 509 3443 contrabit
528 3402 638 3456 nervos,
661 3397 690 3442 et
710 3386 869 3444 decrescere
891 3386 956 3443 lacit

155 3495 288 3551 corpora,
303 3494 363 3551 quse
383 3480 457 3536 nulla
470 3487 533 3535 sunt
553 3480 723 3536 mutilatione
736 3488 869 3536 truncata.
883 3476 957 3534 Con·

155 3570 294 3628 nantinus
306 3571 434 3627 membris
447 3571 619 3642 proceritatis
631 3586 757 3627 mensura
769 3571 849 3644 perit,
865 3579 893 3627 et
906 3569 956 3624 rni-

157 3676 211 3716 nor
221 3661 353 3727 cernitur,
365 3661 409 3717 cui
422 3661 487 3717 nihil
500 3661 659 3718 subductum
674 3677 735 3719 esse
747 3664 871 3718 sentitur.
886 3661 956 3718 Sub·

157 3754 305 3809 trahuntur
318 3753 458 3824 superstiti
472 3753 622 3810 ministeria
636 3752 819 3810 membrorum
833 3771 840 3808 ι
857 3769 957 3826 corpus

158 3845 252 3899 visunt
265 3852 317 3911 eat,
338 3857 389 3900 nec
400 3852 541 3910 moretum
566 3851 594 3900 et
608 3844 676 3898 intra
694 3843 859 3900 insensibilia
879 3844 957 3899 reda·

157 3943 246 3999 etrsn,
256 3933 314 4003 iam
326 3948 380 3990 non
395 3933 506 4004 proprio
517 3939 593 4000 roto,
607 3935 655 3990 sed
673 3942 749 3990 motu
763 3934 847 3990 iertur
857 3934 957 3991 alieno.

158 4022 224 4080 llaec
236 4023 296 4078 vira
311 4036 385 4079 mors
397 4038 479 4093 supra
498 4023 589 4078 omnio
604 4032 740 4080 tormenta
760 4040 826 4081 satra
840 4024 956 4093 dicitur;

157 4124 189 4168 et
198 4113 297 4170 melius
307 4113 407 4169 habere
417 4112 511 4178 iretur,
523 4113 569 4184 qui
580 4113 698 4169 evasisse
707 4129 802 4170 causas
812 4115 879 4169 tanti
890 4115 959 4186 peri·

1007 3197 1084 3272 terit]
1095 3197 1250 3269 antiquitas,
1265 3196 1423 3268 elephantes
1435 3212 1527 3253 aneos
1539 3197 1627 3254 vicina
1640 3197 1803 3255 semimodis

1005 3291 1083 3349 ruina
1104 3291 1235 3358 titubare;
1258 3289 1353 3360 etqui
1375 3289 1464 3346 solent
1481 3290 1509 3345 in
1532 3289 1634 3354 carnali
1653 3290 1802 3347 substantia

1005 3399 1087 3455 supra
1097 3383 1222 3439 millenos
1235 3396 1320 3437 annos
1331 3381 1434 3451 uivere,
1449 3395 1575 3437 occasum
1587 3380 1728 3438 ridearnur
1738 3393 1804 3451 pro-

1006 3479 1108 3534 ximum
1122 3478 1149 3532 in
1163 3475 1313 3532 simulacris
1326 3475 1403 3532 :ereis
1413 3475 1556 3533 sustinere.
1573 3473 1621 3533 liis
1634 3475 1803 3548 prouidentia

1006 3578 1097 3627 restra
1120 3568 1198 3625 reddi
1220 3565 1303 3622 iaciat
1326 3566 1462 3638 propriam
1489 3565 1700 3637 longevitatem,
1727 3568 1803 3624 nnus

1008 3661 1103 3719 terreis
1115 3660 1215 3717 hiantia
1227 3659 1347 3716 membra
1361 3658 1512 3726 solidando,
1527 3659 1619 3718 alnum
1631 3675 1740 3733 quoquo
1755 3660 1805 3717 de·

1007 3754 1117 3808 missam
1130 3750 1238 3807 subdito
1250 3748 1354 3822 pariete
1364 3749 1533 3819 corroboret,
1545 3766 1580 3808 ne
1590 3751 1634 3807 ilia
1648 3752 1804 3822 magnitudo

1008 3841 1139 3899 mirabilis
1153 3841 1272 3898 soluatur
1291 3840 1408 3912 turpiter
1421 3840 1449 3897 in
1462 3841 1579 3898 ruinam.
1601 3840 1667 3897 Nam
1688 3851 1717 3898 et
1737 3842 1804 3898 viris

1008 3936 1067 4008 ipse
1080 3950 1159 3992 casus
1172 3932 1301 3992 adversus
1315 3942 1371 4002 est;
1385 3933 1431 4005 qui
1446 3933 1509 3991 dum
1527 3934 1641 4004 ingeniis
1653 3934 1805 3991 cubationis

1009 4036 1068 4083 arte
1090 4025 1230 4082 hominum
1254 4025 1366 4083 succisis
1385 4026 1528 4083 arboribus
1547 4027 1665 4096 ingentia
1683 4028 1803 4082 membra

1009 4117 1206 4184 commiserint,
1222 4125 1281 4172 toto
1300 4116 1419 4187 pondere
1437 4116 1566 4187 supinati,
1581 4124 1718 4187 nequeunt
1742 4133 1805 4187 pre·

156 4205 215 4260 carli
227 4219 283 4260 non
293 4204 433 4276 probatur.
447 4203 552 4260 Deserit
564 4203 674 4273 quidem
686 4203 774 4268 dolor,
786 4204 834 4261 sed
848 4193 959 4260 dimittit
1010 4209 1076 4281 priis
1087 4208 1189 4264 viribus
1198 4220 1319 4274 surgere,
1330 4220 1400 4276 quos
1409 4206 1492 4261 semel
1502 4205 1645 4272 contigerit
1654 4205 1789 4263 corruisse
1796 4222 1803 4267 ;

155 4296 292 4368 reliquias
317 4295 458 4362 lortiores;
486 4305 524 4362 et,
546 4311 616 4353 trote
633 4295 798 4351 infelicitatis
821 4297 957 4368 exemplo,
1009 4299 1124 4368 scilicet,
1134 4297 1196 4368 quia
1209 4295 1291 4367 pedes
1303 4310 1398 4351 eorum
1412 4294 1492 4350 nullis
1502 4295 1621 4350 articulis
1636 4294 1648 4333 i
1664 4293 1805 4352 indoctus-

155 4389 255 4460 passio
264 4385 371 4444 ridetur
380 4385 537 4457 abscedere,
553 4394 581 4443 ct
594 4400 666 4456 ager
680 4402 734 4442 nort
753 4386 851 4443 desinit
864 4401 952 4457 aegro·
1010 4400 1065 4458 tur,
1079 4389 1126 4446 sed
1140 4393 1167 4446 in
1184 4387 1295 4443 modum
1312 4385 1500 4443 columnarum
1523 4386 1642 4454 rigentes
1660 4396 1741 4459 atquc
1763 4389 1805 4443 in-

156 4488 233 4535 tare.
247 4477 389 4549 Appendia
409 4478 468 4550 ipsa
488 4479 615 4534 cruciatis
629 4477 796 4535 debitoribus
813 4478 958 4549 aliquando
973 4463 1161 4538 ”curvabiles
1179 4477 1281 4550 jugiter
1302 4483 1487 4549 perseverant.
1507 4474 1547 4533 lbi
1565 4486 1639 4534 tanta
1654 4478 1725 4537 mole
1742 4497 1805 4549 prar-

94 4571 138 4590 ‘''
153 4571 306 4628 satrnntur
320 4587 326 4623 :
339 4569 391 4625 ista
411 4577 502 4625 antona
514 4570 620 4625 viricuia
638 4578 775 4640 suntque
793 4586 854 4625 curn
874 4570 959 4626 semei
1012 4572 1089 4629 strati
1103 4579 1176 4637 sunt,
1192 4578 1222 4625 ut
1235 4577 1300 4626 tnnc
1312 4567 1398 4639 tnagis
1416 4567 1564 4625 metallicos
1583 4569 1670 4641 possis
1682 4568 1805 4634 credere,

152 4660 303 4733 potueriat
321 4659 424 4729 illigare
435 4667 554 4732 capum,
576 4661 699 4716 nesciunt
715 4661 741 4715 in
758 4668 814 4716 tota
834 4661 889 4716 rita
904 4659 959 4716 dis·
1011 4677 1073 4717 cunt
1087 4678 1117 4718 se
1131 4661 1205 4717 rivos
1219 4660 1334 4732 aspicias
1345 4675 1399 4717 non
1413 4674 1532 4716 morere.
1545 4658 1639 4716 lacent
1649 4660 1807 4731 superstites

151 4755 280 4810 scrivere.
296 4751 414 4809 lnielicia
427 4754 504 4823 signa
523 4753 652 4824 relinquit
666 4752 825 4817 abscedens,
839 4761 867 4806 et
885 4765 961 4807 more
1013 4752 1189 4809 similitudine
1206 4752 1367 4808 cadaverum
1382 4770 1389 4804 ι
1405 4762 1527 4807 mortuos
1546 4759 1633 4823 putes,
1647 4766 1715 4821 quos
1730 4750 1806 4807 risus

150 4848 286 4919 gentium
301 4846 476 4901 barbararum
497 4846 644 4916 hospitium
658 4844 781 4915 corporis
800 4851 960 4915 occupatum
1013 4863 1073 4904 esse
1092 4863 1147 4904 nnn
1167 4845 1290 4912 dubites;
1309 4853 1337 4901 et
1359 4859 1436 4901 more
1462 4844 1614 4902 cadentium
1632 4843 1803 4908 fabricarunt,

148 4939 219 4994 suis
232 4937 339 4994 indiciis
352 4937 469 4993 uiolenta
480 4937 613 5004 deiendit;
629 4952 663 4992 ne
674 4936 719 4992 ubi
729 4935 803 4992 lerox
816 4936 866 4991 ista
881 4937 963 5008 cepit
1014 4939 1138 4995 nesciunt
1152 4938 1242 4992 locum
1262 4945 1360 5005 sponte
1374 4934 1537 5004 relinquere,
1551 4948 1631 5003 quent
1646 4934 1701 4990 suis
1718 4949 1800 4990 nterea·

145 5028 322 5095 serccedere,
335 5027 447 5084 adversa
460 5028 523 5084 illue
535 5028 633 5083 iterum
645 5027 745 5082 sortitas
755 5025 852 5084 audeat
866 5026 962 5084 tortas·

144 5121 200 5176 sis
216 5118 329 5174 intrare.
356 5116 412 5175 linc
427 5119 489 5174 licet
504 5119 630 5174 otrtnibus
642 5118 767 5174 uideatur
780 5135 839 5176 csso
853 5129 962 5176 contra·

145 5212 246 5276 rium,
264 5209 318 5265 illis
336 5210 453 5264 maxime
473 5210 518 5281 qni
539 5225 675 5265 aratorum
696 5211 890 5268 exercitatione
912 5214 962 5268 ilo-

143 5310 290 5369 rtrerunt,
312 5316 347 5357 ne
367 5300 488 5356 membra
509 5302 553 5357 illa
573 5301 714 5358 durissima
731 5302 867 5372 latrrguoris
881 5305 963 5362 decu·

202 5460 259 5518 *ln
273 5460 301 5530 l,
314 5460 350 5517 de
363 5461 390 5516 in
403 5462 449 5544 jes
461 5477 520 5519 roc,
533 5480 541 5528 ;
553 5477 644 5544 supra,
661 5462 706 5517 lib.
722 5480 757 5528 tv,
772 5463 852 5529 e1ist.
868 5464 912 5532 itt,
928 5464 954 5520 in

143 5536 238 5600 σιω
259 5542 288 5588 et
301 5547 374 5601 sequ,
392 5531 439 5587 lob.
464 5548 502 5596 rx,
525 5540 606 5603 eprst.
621 5533 695 5589 issi
714 5533 836 5598 facultas,
859 5535 955 5605 inquit,

140 5603 297 5663 vioiietm
310 5617 365 5656 suu
387 5601 513 5664 euidoiat,
529 5616 578 5674 per
590 5599 718 5658 lectuaria
740 5603 871 5687 supplicia
887 5605 960 5660 lace·

139 5683 256 5738 retu.
271 5669 337 5726 bem
351 5671 413 5726 eod.
429 5671 474 5727 lib.
496 5687 532 5737 ιι,
548 5671 627 5741 epist.
645 5671 688 5740 ts,
701 5673 727 5730 in
742 5675 829 5734 edtcto
843 5673 967 5748 [athala.

137 5745 221 5814 ῥεῖ
233 5740 316 5810 regis.
329 5737 414 5798 feste

1012 5034 1068 5089 bris
1080 5031 1217 5104 potuerint
1230 5045 1373 5100 occuparo.
1389 5026 1542 5098 llagnitodo
1557 5026 1600 5081 illa
1616 5027 1742 5082 terribilis
1755 5043 1805 5085 nec

1014 5123 1133 5180 lnrmicis
1153 5119 1336 5176 minutissimis
1357 5133 1407 5188 par
1433 5123 1490 5179 cst,
1514 5114 1622 5187 quando
1646 5115 1805 5172 benetteturn

1014 5234 1067 5272 nun
1084 5216 1165 5271 babet
1187 5222 1299 5278 naturae,
1321 5207 1391 5278 equod
1417 5207 1509 5263 ulbma
1534 5205 1658 5262 videntur
1680 5207 1805 5262 animalia

1015 5309 1154 5363 rrrcruisse.
1180 5303 1304 5358 llumano
1328 5298 1427 5355 solatio
1453 5305 1628 5367 consurgunt,
1652 5296 1728 5366 cujus
1748 5307 1805 5351 arte

1048 5470 1060 5507 b
1079 5468 1186 5522 Fal-utu
1201 5468 1253 5522 trec
1264 5478 1323 5520 csse
1336 5464 1429 5519 scribit
1443 5463 1472 5518 P.
1485 5459 1581 5518 Gillias
1590 5462 1616 5518 in
1628 5461 1808 5528 descriptione

1013 5539 1173 5608 elephantis,
1191 5552 1250 5611 quaa
1261 5532 1387 5602 adjtrrtcta
1400 5534 1499 5590 AEliaui
1515 5533 1590 5590 libris
1603 5534 1636 5588 de
1650 5530 1809 5584 animalibus

1014 5603 1280 5739 ιὲὃοιιιίἓὲιὲιξῦιὶῐ.
1302 5602 1400 5661 bouilii
1420 5603 1541 5675 eugenni
1562 5619 1632 5659 arrae
1654 5598 1731 5662 tede,
1748 5611 1812 5671 pag.
