4059 6184
239 247 294 334 sn'
850 282 884 337 u.
907 281 1046 338 uenatu
1064 281 1264 341 cassianum
1829 289 1880 345 aaa

240 405 402 468 coirecptum
417 395 529 466 alicujus
543 391 749 449 modificationis
764 393 865 459 existit,
877 397 911 449 ab
925 397 1035 451 barmo-
1049 399 1071 456 Α
1086 411 1139 465 que
1150 397 1278 465 Dircaeus,
1293 397 1413 452 canendo
1425 397 1542 462 obeidis,
1559 397 1702 452 Thebanos
1713 414 1804 455 muros
1815 400 1881 456 dici·

241 488 292 542 niae
305 488 471 543 continentia
487 503 540 542 non
556 488 667 543 recedit.
694 488 830 544 l‘crbane
850 501 1038 563 corripetenter
1089 496 1132 541 tur
1145 489 1313 554 condidisse;
1328 497 1358 542 ut
1379 503 1439 543 cum
1453 488 1575 544 homines
1590 488 1683 544 labore
1700 488 1834 547 marcidos
1847 491 1881 547 ad

239 582 400 650 cogitamus,
424 580 535 650 pulchre
557 581 701 651 loquimur,
726 582 921 637 convenienter
942 600 1036 639 more·
1087 577 1204 631 studium
1220 577 1392 648 pei-lectionis
1405 579 1530 646 erigeret,
1551 593 1615 632 saxa
1637 578 1694 649 ipsa
1707 580 1883 637 crederentur

239 689 315 736 mur;
332 686 393 741 qnae
407 672 514 739 quoties
536 670 570 725 ad
588 688 668 728 aures
688 681 795 727 nostras
818 672 967 742 discipline
981 689 1037 728 sum
1088 668 1188 724 relictis
1205 670 1319 739 rupibus
1340 670 1490 725 aduenisse.
1513 669 1639 725 llusaeurn
1663 671 1745 725 etiarn
1765 679 1794 727 ει
1817 673 1882 729 artis

238 762 298 829 lege
323 761 491 830 peruenerit,
518 760 630 830 imperat
655 770 774 823 cantum,
800 769 886 817 mutat
910 762 1036 818 animos:
1087 758 1185 831 Orphei
1201 763 1294 826 lilium,
1318 772 1346 818 et
1364 771 1479 831 naturae,
1494 763 1612 819 Maronis
1626 774 1779 836 prepotens
1790 766 1882 838 lingua

237 852 336 908 artilex
355 851 472 916 auditus,
498 859 526 907 et
538 866 654 923 operosa
669 851 824 908 delectatio.
851 852 914 907 llaec
927 869 989 908 cum
1002 856 1036 909 de
1086 853 1278 909 concelebrat:
1294 854 1387 910 dicens
1399 856 1470 924 apud
1485 854 1585 911 inferos
1600 857 1626 911 in
1640 873 1745 914 summa
1766 860 1883 917 beatitu-

236 953 345 1001 sccrcto
360 955 472 1007 nature.
487 953 615 1015 tanquam
630 960 757 1000 sensuum
770 947 874 1016 regina,
885 947 970 1017 tropis
980 947 1037 1001 suis
1086 942 1149 998 dinc
1164 945 1350 1012 constitutum,
1375 946 1446 1014 quod
1469 962 1519 1016 per
1529 945 1635 1019 Elysios
1654 964 1765 1022 campos
1789 952 1884 1010 felices

237 1045 333 1091 ornata
359 1037 540 1107 processerit,
564 1036 674 1106 relitprae
696 1037 875 1105 cogitationes
897 1039 1034 1102 exsiliunt,
1086 1039 1189 1096 animas
1200 1049 1302 1111 septem
1317 1040 1479 1097 chordarum
1491 1041 1611 1112 pulsibus
1622 1046 1786 1111 amonabat,
1800 1047 1885 1117 signi-

235 1129 381 1197 omuiaqoe
401 1129 464 1184 lacit
476 1128 547 1199 ejici,
574 1141 603 1184 ut
622 1130 708 1200 ipsam
724 1130 897 1185 solummodo
918 1131 1036 1186 delectet
1087 1131 1286 1189 beatissummo
1299 1133 1410 1203 praemio
1432 1133 1541 1204 perlrui,
1565 1135 1608 1189 cui
1633 1130 1780 1206 disdptina
1803 1137 1885 1208 hujus

235 1219 333 1274 audiri.
348 1218 496 1276 iristitiam
518 1221 627 1276 noxiam
638 1220 780 1290 jucundat,
803 1220 919 1275 tumidos
931 1219 1036 1276 lurores
1085 1224 1230 1293 eontigerit
1254 1224 1431 1280 suavitatibus
1445 1224 1559 1295 epulari.
1583 1224 1637 1280 Sed
1655 1224 1715 1281 baec
1728 1227 1819 1281 omnia
1832 1228 1886 1283 bu·

236 1321 370 1380 attenuat,
385 1320 525 1368 cruentam
540 1313 671 1368 saeuitiam
685 1313 766 1368 edicit
781 1312 917 1377 blandam,
934 1313 1036 1367 excitat
1088 1329 1169 1370 mano
1184 1315 1274 1371 studio
1296 1331 1347 1386 per
1359 1317 1512 1372 manualem
1528 1317 1659 1372 musicam
1674 1319 1798 1375 ridentur
1817 1319 1886 1378 effe-

235 1403 370 1473 ignariaru
384 1411 614 1475 soporantemque
625 1404 782 1473 languorem
799 1403 858 1477 [nir.
868 1403 937 1456 dud.
949 1412 974 1457 et
987 1402 1033 1469 b,
1086 1413 1140 1460 cta.
1153 1406 1288 1461 baturalis
1303 1415 1393 1461 autem
1409 1406 1550 1477 rbytbrous
1565 1406 1690 1462 animatae
1705 1409 1764 1463 roei
1779 1423 1887 1479 rogno-

235 1498 281 1553 Gr.
294 1509 318 1553 et
325 1497 396 1570 Cup,
411 1498 514 1566 ignaria
529 1503 701 1567 soporantem
715 1498 871 1562 burriorem;
884 1495 936 1549 ils.
947 1495 1034 1562 ilem,
1086 1496 1172 1551 scitur
1186 1497 1331 1552 attributus
1346 1513 1353 1550 ι
1368 1496 1412 1566 qui
1429 1504 1492 1552 tunc
1506 1497 1619 1567 pulcbre
1643 1499 1728 1555 melos
1751 1500 1885 1570 custodit,

234 1595 345 1658 saporat
366 1584 551 1659 languorem]‚
577 1586 750 1656 uigilantibus
774 1587 862 1649 reddit
889 1588 1036 1644 saluberri-
1086 1586 1109 1640 si
1124 1595 1186 1656 apte
1202 1595 1300 1652 taceat,
1317 1595 1500 1655 congruenter
1523 1591 1660 1657 loquatur,
1682 1598 1710 1643 et
1722 1604 1772 1659 per
1785 1606 1888 1647 acceu-

234 1697 306 1737 niam
321 1683 449 1752 quietern,
464 1682 585 1736 vitiatam
604 1681 665 1755 [nir.
682 1682 761 1746 dud,
788 1681 938 1753 humatam]
963 1682 1034 1751 turpi
1087 1687 1130 1732 tus
1144 1678 1214 1732 riam
1234 1677 1344 1735 musicis
1358 1678 1471 1748 pedibus
1494 1680 1644 1748 composita
1655 1695 1722 1735 noce
1731 1680 1885 1748 gradiatur.

234 1773 371 1829 amoread
392 1773 536 1828 bonestum
549 1772 666 1828 studium
687 1780 797 1828 revocat
814 1774 976 1838 castitatem,
992 1788 1035 1826 sa·
1052 1766 1073 1827 B
1088 1770 1198 1826 inventa
1218 1780 1260 1826 est
1278 1786 1387 1840 quoque
1401 1770 1435 1826 ad
1449 1772 1646 1841 permovendos
1667 1772 1772 1828 animos
1790 1782 1888 1830 orato·

235 1872 282 1919 nat
295 1864 394 1919 urentis
414 1863 521 1917 taedium
535 1863 614 1917 bonis
636 1864 844 1932 cogitationibus
866 1879 973 1934 semper
986 1864 1034 1917 ad·
1087 1878 1147 1918 rum
1158 1861 1236 1920 lortis
1250 1880 1282 1919 ae
1295 1864 1386 1919 suauis
1405 1864 1504 1932 oratio,
1524 1872 1554 1918 nt
1567 1865 1719 1921 criminosis
1733 1864 1888 1922 irascantur

235 1971 352 2021 rersurn,
374 1954 526 2025 perniciosa
550 1954 611 2008 odia
626 1956 761 2010 convertit
781 1954 814 2008 ad
837 1955 1032 2010 auxiliatricem
1083 1953 1199 2023 judiees,
1215 1954 1395 2009 misereantur
1409 1954 1580 2021 errantibus;
1607 1962 1635 2011 et
1649 1955 1778 2027 quidquid
1792 1965 1889 2028 potest

233 2045 365 2115 gratiam;
391 2054 419 2101 et
441 2045 514 2115 quod
540 2045 649 2101 beatum
663 2059 748 2114 genus
760 2047 906 2101 curationis
919 2056 969 2112 est,
985 2063 1034 2117 per

233 2138 403 2194 dulcissimas
415 2136 568 2209 voluptates
582 2139 694 2208 expellit
717 2139 800 2193 animi
825 2140 975 2209 passiones.
989 2139 1033 2193 lo·

233 2245 392 2303 corpoream
408 2231 526 2286 animam
539 2231 720 2301 corporaliter
734 2231 843 2296 mulcet,
872 2239 900 2286 et
913 2231 973 2286 solo
985 2246 1034 2285 au·

233 2321 289 2376 ditu
304 2322 417 2391 adquod
428 2323 485 2378 rult
498 2322 627 2378 deducit:
640 2337 720 2391 quam
731 2331 825 2378 tenere
840 2338 893 2377 non
905 2323 1033 2394 praevalet

233 2411 315 2466 terlio
330 2411 414 2466 tacito
428 2411 554 2467 manibus
568 2412 679 2479 clamat,
703 2410 762 2465 sinc
778 2426 826 2467 ore
850 2410 978 2482 loquitur,
1004 2421 1033 2467 ει

233 2516 283 2571 per
297 2502 491 2556 insensibilium
504 2502 662 2571 obsequium
674 2501 801 2573 praevalet
813 2518 939 2557 sensuum
951 2518 1031 2558 exer·

232 2609 295 2650 cere
307 2592 484 2649 dominatum.
511 2592 570 2648 Hoc
584 2601 669 2649 toturn
693 2594 763 2650 inter
775 2595 898 2649 homines
912 2594 1032 2664 quinque

233 2682 305 2737 tonis
326 2682 424 2752 agitur,
449 2682 496 2753 qui
519 2681 616 2750 singuli
640 2683 839 2753 provinciarum
864 2683 908 2739 ubi
929 2684 1030 2753 reperti

233 2782 295 2830 sunt
317 2775 473 2830 nominibus
487 2775 650 2831 recitantur.
667 2774 804 2832 lliseratio
824 2777 924 2847 quippe
938 2776 1031 2831 divina

229 2866 354 2922 localiter
365 2867 464 2938 sparsit
477 2868 603 2935 gratiam,
616 2868 680 2923 dum
697 2868 788 2923 omnia
810 2882 858 2921 sua
873 2867 952 2922 ralde
967 2865 1031 2922 lecit

232 2973 292 3015 esse
304 2958 446 3014 laudanda.
459 2957 555 3015 Durius
569 2960 705 3030 pudicitia
718 2960 842 3028 largitor,
856 2968 884 3015 ει
898 2960 1030 3015 eastitatis

231 3047 342 3105 effector
356 3058 407 3103 est.
432 3046 564 3122 Phrygius
578 3065 682 3122 pugnas
695 3051 803 3116 excitat,
830 3059 858 3105 et
878 3059 970 3106 uotum
986 3051 1029 3105 lu-

1086 2044 1217 2114 eloquens
1231 2043 1349 2110 eslicere,
1372 2045 1407 2100 ad
1430 2046 1510 2116 hujus
1529 2045 1678 2117 disciplina·
1701 2064 1756 2104 uon
1775 2056 1817 2105 est
1833 2048 1888 2105 du-

1085 2135 1158 2190 bium
1181 2136 1317 2206 pertinere
1341 2137 1466 2206 gloriam.
1488 2136 1580 2194 Poetis
1603 2139 1696 2207 etiam,
1717 2138 1888 2199 Terentiano

1086 2235 1210 2294 testante,
1232 2228 1287 2284 duo
1301 2229 1415 2299 primurn
1438 2236 1524 2285 metra
1539 2231 1698 2301 principalia
1713 2240 1775 2288 sunt
1797 2237 1886 2291 attri-

1085 2317 1159 2382 buta,
1185 2317 1212 2373 id
1233 2326 1285 2384 est,
1309 2317 1456 2374 Heroicum
1471 2327 1499 2375 et
1515 2319 1663 2377 iambicum
1680 2341 1687 2377 ι
1704 2339 1787 2378 unum
1806 2326 1886 2393 quod

1084 2409 1211 2479 erigeret,
1227 2408 1340 2464 alterum
1352 2410 1425 2481 quod
1439 2411 1568 2481 placaret.
1583 2411 1624 2468 Ex
1635 2414 1734 2483 quibus
1754 2414 1790 2469 ad
1803 2417 1886 2473 oble·

1084 2501 1211 2557 cundum
1226 2502 1331 2558 animos
1345 2503 1509 2559 audientium
1532 2503 1636 2561 diversa
1649 2505 1791 2577 progenita
1805 2517 1885 2566 sunt.

1084 2592 1118 2648 lit
1132 2602 1162 2648 ut
1174 2594 1202 2648 in
1216 2594 1325 2663 organis
1341 2595 1407 2661 toni,
1420 2596 1456 2651 ita
1473 2596 1499 2651 in
1509 2596 1628 2653 bumana
1639 2615 1707 2656 roee
1718 2602 1807 2657 uarias
1823 2604 1886 2657 ani·

1083 2683 1119 2737 mi
1134 2682 1292 2741 affectiones
1307 2685 1417 2753 gravida
1436 2695 1523 2742 metra
1536 2698 1712 2758 pepererunt.
1728 2689 1845 2748 Sirenas
1857 2693 1885 2748 iu

1083 2775 1240 2830 miraculum
1254 2785 1378 2831 cantasse
1400 2776 1533 2833 curiosa·
1558 2779 1648 2849 prodit
1667 2781 1836 2850 antiquitas;
1859 2793 1888 2840 et

1082 2867 1205 2937 quamuis
1217 2866 1374 2935 navigantes
1385 2867 1483 2924 ductus
1493 2868 1650 2939 abduceret,
1659 2871 1770 2927 carbasa
1781 2882 1886 2930 uentus

1082 2957 1200 3029 inllaret,
1224 2959 1360 3030 eligebant
1382 2962 1502 3017 sirariter
1515 2962 1621 3035 decepti
1640 2964 1767 3035 scopulos
1787 2967 1886 3023 incur·

1082 3064 1153 3113 rere,
1177 3066 1211 3105 ne
1235 3058 1338 3106 tanum
1361 3058 1519 3121 paterentur
1532 3051 1700 3109 dulcedinem
1726 3057 1884 3126 praeterire.

231 3139 300 3195 roris
314 3138 472 3198 inflammat.
488 3139 594 3197 AEolius
608 3143 694 3196 animi
705 3151 884 3218 tempestates
899 3143 1067 3213 tranquil-C
1083 3142 1186 3210 Quibus
1198 3143 1271 3199 solus
1285 3143 1393 3199 lthacns
1403 3143 1498 3209 erasit,
1510 3144 1556 3213 qui
1571 3145 1659 3199 nautis
1672 3146 1885 3206 sollicitatorem

229 3229 280 3300 lat,
293 3245 472 3301 somnumque
482 3231 538 3301 jam
554 3233 667 3303 placatis
685 3234 817 3288 attribuit.
833 3233 933 3289 iastius
948 3235 1030 3290 intel·
1081 3236 1205 3307 protinus
1224 3236 1358 3292 obstmrit
1372 3235 1493 3290 auditum
1508 3245 1603 3291 contra
1626 3237 1735 3293 noxiam
1757 3238 1887 3298 dulcedi·

230 3318 330 3375 lectum
345 3321 449 3379 obtusis
471 3323 554 3389 acuit,
581 3332 609 3377 et
632 3332 741 3379 terreno
756 3323 891 3380 desiderio
912 3326 1030 3394 gravatis
1081 3342 1153 3382 irem.
1169 3326 1304 3396 Cogitavit
1327 3327 1368 3382 rir
1380 3325 1605 3398 prudentissimus
1620 3326 1803 3384 felicissimam
1822 3348 1889 3387 sur-

231 3416 381 3472 ooelestium
395 3419 578 3488 appetentiam
598 3418 730 3474 bonorum
746 3429 874 3491 operator
895 3420 1026 3491 indulget.
1079 3416 1202 3486 dilatem,
1224 3424 1253 3472 et
1271 3432 1353 3486 qnam
1369 3418 1480 3473 uincere
1495 3417 1671 3488 intelligendo
1685 3436 1738 3475 non
1753 3430 1883 3491 poterat,

230 3505 787 3580 Lydiuscontraniniiascurasanimaeque
801 3512 1026 3584 taediarepertus‚
1080 3505 1176 3562 melius
1199 3522 1252 3562 non
1268 3508 1433 3562 advertendo
1456 3508 1611 3580 superabat.
1632 3506 1668 3563 Se
1691 3524 1756 3565 vero
1780 3511 1884 3567 solidi·

230 3599 389 3656 renrissione
403 3610 522 3672 reparat,
537 3610 565 3656 et
579 3602 763 3659 oblectatione
783 3603 952 3672 corroborat,
965 3602 1029 3660 llaec
1079 3600 1129 3654 tati
1144 3600 1249 3655 arboris
1263 3600 1419 3656 constrictis
1443 3601 1557 3657 neribus
1576 3601 1702 3671 illigarit,
1727 3613 1758 3658 ut
1782 3616 1817 3660 ει
1841 3604 1885 3660 sa·

230 3690 264 3745 ad
283 3690 434 3748 solutiones
447 3693 624 3764 corruptibile
642 3693 768 3747 saeculum
793 3691 916 3760 flectens,
940 3693 1028 3749 hone·
1078 3704 1171 3746 mosos
1192 3698 1287 3745 cantus
1310 3690 1401 3746 liberis
1415 3691 1525 3748 auribus
1550 3692 1666 3762 probare
1679 3694 1829 3764 potuisset,
1857 3703 1886 3751 ει

229 3791 300 3839 stum
321 3785 470 3841 remedium
496 3795 575 3855 turpe
596 3784 660 3841 lecit
681 3799 741 3841 esse
763 3792 957 3840 commentum.
978 3785 1029 3843 liic
1078 3778 1197 3853 pericula
1212 3781 1358 3837 dulcisonae
1370 3782 1444 3837 vocis
1458 3782 1530 3838 unda
1552 3783 1676 3853 rapiente
1690 3783 1801 3840 vinctus
1816 3800 1885 3841 era·

230 3889 293 3930 nero
316 3891 446 3932 uumerus
469 3877 608 3947 quinarius
632 3877 701 3931 trina
730 3875 862 3932 divisione
890 3877 1026 3933 consistit.
1077 3870 1164 3927 deret.
1181 3870 1280 3927 Verum
1295 3881 1324 3926 ut
1338 3871 1885 3952 etnostaiiaexemplosapiestisltlraci

229 3964 323 4023 Omnis
336 3967 409 4022 enim
425 3974 505 4022 tonus
519 3968 602 4022 babet
624 3983 770 4036 summum,
794 3974 823 4022 et
845 3968 945 4034 imum:
969 3968 1027 4024 baec
1077 3971 1258 4033 transeamus,
1272 3963 1416 4033 loquamur
1425 3964 1459 4020 de
1473 3963 1519 4021 iilo
1532 3964 1609 4036 lapso
1621 3979 1637 4020 ε
1647 3966 1717 4021 coelo
1729 3963 1883 4032 Psaltcrio,

228 4063 318 4112 autem
332 4055 459 4113 dicuntur
473 4056 508 4112 ad
522 4057 649 4113 medium.
663 4055 697 4111 Et
710 4057 838 4126 quoniam
852 4058 911 4114 sine
925 4073 1027 4115 seesse
1077 4056 1151 4127 quod
1174 4057 1216 4113 nir
1239 4064 1298 4112 toto
1321 4056 1388 4112 orbe
1408 4056 1551 4112 cantabilis
1573 4057 1609 4111 ita
1631 4055 1803 4112 modulatum
1830 4072 1884 4129 pro

227 4162 282 4202 non
298 4155 423 4218 possunt,
443 4162 503 4217 qum
516 4148 620 4204 alterna
635 4148 686 4204 sibi
700 4148 886 4204 vicissitudine
901 4147 1026 4204 relerun-
1077 4149 1174 4205 animae
1185 4150 1315 4220 sospitate
1325 4151 1487 4220 composuit,
1502 4158 1532 4204 ut
1552 4149 1595 4205 bis
1606 4148 1714 4221 hymnis
1729 4158 1760 4205 ει
1772 4151 1882 4207 mentis

228 4247 282 4307 tur,
296 4240 399 4296 utiliter
412 4241 552 4297 inventum
566 4248 618 4308 est,
643 4239 812 4296 artificialem
834 4240 977 4309 musicam,
999 4241 1027 4297 id
1076 4241 1189 4297 vulnera
1204 4249 1375 4309 sanarentur,
1400 4249 1428 4297 ει
1450 4240 1602 4296 Divinitatis
1624 4240 1772 4310 singularis
1786 4242 1882 4310 gratia

228 4341 270 4389 cst
284 4340 426 4388 auctorum
439 4334 643 4404 operationibus
657 4332 770 4389 diversis
785 4333 894 4402 organis
907 4333 1027 4404 exquisi-
1077 4332 1262 4403 conquiratur.
1286 4331 1326 4386 En
1349 4332 1422 4402 quod
1445 4332 1573 4387 saeculum
1588 4332 1701 4387 miretur
1717 4332 1881 4387 etcredst:

228 4432 295 4491 tarn
320 4422 409 4479 modis
432 4423 585 4494 quindecim
600 4425 743 4480 contineri.
767 4422 815 4478 liis
829 4424 911 4479 rebus
924 4423 1025 4494 aliquid
1077 4422 1181 4493 pepulit
1195 4422 1323 4478 Dauidica
1336 4421 1393 4495 lyra
1407 4421 1559 4488 diabolum;
1572 4435 1655 4477 sonus
1669 4419 1815 4491 spiritibus
1831 4422 1885 4476 im·

227 4510 315 4581 nrajns
340 4513 471 4582 adjiciens
495 4513 612 4569 bumana
634 4514 756 4584 solertia,
779 4516 858 4571 terris
881 4516 1026 4585 quamdam
1039 4506 1065 4569 D
1077 4515 1199 4586 perarit;
1214 4523 1242 4571 et
1256 4522 1371 4570 canente
1384 4514 1486 4569 cithara
1503 4521 1545 4570 ter
1558 4528 1607 4568 rex
1622 4513 1649 4567 in
1664 4512 1826 4567 libertatem
1839 4525 1887 4568 re-

227 4602 397 4660 barmoniam
411 4604 568 4662 doctissima
581 4606 756 4677 inquisitione
767 4608 887 4678 collegit,
900 4623 960 4678 quae
971 4607 1027 4663 dia·

226 4714 313 4770 pason
336 4699 500 4762 nominatur.
523 4718 557 4758 ex
580 4704 706 4758 omnibus
727 4704 830 4759 scilicet
844 4714 1023 4776 congregata;

226 4797 258 4844 ut
269 4789 393 4854 virtuter,
409 4806 476 4861 quas
491 4790 646 4846 uniuersum
666 4793 753 4852 melos
766 4793 867 4849 babere
880 4794 1023 4864 potuisset,

227 4881 285 4937 brec
299 4881 428 4937 adunatio
439 4881 569 4937 mirabilis
582 4883 743 4940 contineret.
760 4883 959 4955 liinc0rpbeus
969 4901 1027 4941 nru-

228 4972 264 5027 tis
277 4972 438 5028 animalibus
451 4971 599 5028 efficaciter
609 4974 761 5045 imperavit,
776 4989 913 5045 uagosque
930 4988 1026 5045 greges

227 5065 391 5136 contemptis
405 5065 514 5136 pascuis
527 5063 562 5119 ad
577 5065 703 5122 audiendi
718 5065 812 5137 epulas
826 5067 916 5136 potius
930 5067 1026 5122 inrita·

228 5155 276 5210 rit.
290 5154 339 5211 illo
352 5162 481 5211 cantante
498 5165 657 5211 amaverunt
680 5156 767 5211 siccas
782 5155 907 5212 Tritones
921 5166 1021 5224 terras;

216 5243 340 5303 -Galatea
354 5247 416 5303 lusit
438 5248 466 5302 in
489 5245 596 5314 solidis;
621 5247 797 5304 deseruerunt
818 5247 872 5304 ursi
895 5250 1024 5307 amabiles

227 5336 324 5402 silnas;
338 5338 432 5395 leones
441 5338 588 5395 domestica
601 5339 830 5395 taudemcanoeta
842 5339 1023 5408 reliquerunt;

226 5428 304 5499 juxta
316 5431 472 5501 predonem
482 5448 560 5489 suum
572 5432 660 5504 praeda
672 5431 815 5501 gaudebat.
828 5431 856 5485 ln
870 5448 952 5486 unum
962 5448 1026 5488 con·

226 5531 337 5577 rentum
351 5525 487 5579 contraria
501 5534 562 5582 rota
573 5524 687 5580 collecta
702 5532 776 5592 suot,
786 5532 814 5578 et
826 5522 903 5577 iidem
916 5523 1024 5579 dicente

228 5611 467 5687 ignominiosior
483 5617 594 5672 adversa
608 5615 789 5672 crediderunt.
806 5615 939 5685 brrrpbiou
955 5631 1023 5684 quo-

1078 4607 1146 4672 diit,
1171 4619 1251 4676 quem
1275 4606 1397 4661 internus
1420 4604 1545 4660 inimicus
1568 4602 1685 4672 turpiter
1706 4601 1884 4671 possidebas
1920 4603 1930 4616 “

1078 4694 1146 4750 Nam
1160 4696 1224 4750 licet
1238 4694 1318 4764 hujns
1336 4693 1526 4750 delectationis
1539 4706 1641 4762 organa
1665 4690 1749 4746 multa
1773 4690 1887 4749 luerint

1078 4786 1223 4856 exquisita,
1247 4785 1314 4840 nihil
1338 4792 1429 4840 tamen
1452 4781 1587 4839 efficacius
1610 4791 1652 4837 est
1675 4780 1823 4836 irruentum
1848 4780 1885 4837 ad

1077 4875 1275 4950 permovendos
1295 4876 1411 4938 animos,
1436 4888 1518 4944 quam
1537 4886 1665 4928 concavae
1688 4872 1743 4943 39
1761 4873 1886 4928 citharae

1076 4966 1174 5023 blanda
1188 4963 1338 5021 resultatio.
1364 4961 1434 5016 ilinc
1447 4961 1530 5017 etiam
1550 4959 1713 5031 appellatam
1731 4959 1884 5016 existima·

1076 5075 1137 5116 mus
1150 5057 1290 5126 chordam,
1301 5054 1376 5127 quod
1397 5053 1477 5110 facile
1490 5051 1572 5109 eorda
1587 5059 1706 5107 moreat.
1720 5049 1773 5106 Ubi
1799 5061 1882 5108 tanta

1078 5165 1173 5206 vocum
1193 5148 1307 5204 collecta
1334 5153 1377 5201 est
1401 5143 1450 5200 sub
1473 5142 1631 5198 diversitate
1656 5139 1822 5208 eoncordia,
1851 5153 1883 5197 ut

1078 5244 1165 5298 vicina
1180 5238 1283 5297 chorda
1297 5238 1402 5310 pulsata
1417 5237 1529 5291 alteram
1552 5232 1634 5289 iaciat
1648 5241 1744 5303 sponte
1759 5245 1882 5291 contre·

1075 5335 1198 5398 miscere,
1213 5345 1294 5402 quam
1309 5329 1410 5384 nrrllum
1425 5326 1537 5396 contigit
1550 5326 1682 5396 attigisse.
1693 5322 1785 5379 Tanta
1802 5328 1883 5383 enim

1074 5426 1116 5482 ris
1129 5434 1170 5481 est
1184 5421 1391 5487 convenientiae,
1416 5427 1446 5474 ut
1460 5433 1518 5473 rem
1532 5416 1712 5473 insensualem
1726 5424 1835 5485 sponte
1850 5433 1884 5474 sc

1075 5531 1185 5573 inurere
1207 5515 1297 5579 iaciat,
1323 5513 1387 5582 quia
1409 5511 1469 5582 ejus
1493 5510 1594 5567 sociam
1607 5508 1882 5576 coustatagitatam.

1075 5610 1144 5665 ilinc
1156 5609 1269 5663 diverse
1282 5603 1393 5661 rciriuot
1406 5603 1465 5658 sine
1483 5602 1573 5672 lingua
1588 5614 1685 5665 roces;
1709 5599 1775 5656 liiuc
1793 5603 1885 5658 rariis

269 5811 330 5889 ⁸1).-
342 5812 428 5873 ltrct.
454 5826 530 5889 putat
549 5816 689 5885 legendum
712 5820 824 5890 corioro,
840 5820 882 5876 rel
904 5835 980 5883 reati,
996 5824 1024 5872 ut
1042 5813 1110 5870 inira
1125 5813 1171 5871 lib.
1186 5829 1224 5880 in,
1238 5827 1282 5884 ep.
1297 5809 1340 5881 53,
1359 5825 1425 5866 cana
1436 5809 1518 5867 dictat
1533 5810 1686 5881 antiquitas.
