4059 6184
239 317 299 375 *Ἀθ

931 307 1078 365 scimus
1096 309 1195 366 Parit.

1816 302 1873 358 θίιλ

246 454 290 489 τον
301 443 337 505 τῷ
351 433 443 505 όρατῷ.
456 432 498 487 καί
511 433 540 486 τό
552 428 663 504 ἄχρονον
676 437 711 502 τῷ
725 430 775 485 ύπό
790 428 891 504 χρόνον,
910 425 1035 488 ούιιάλλος
1049 427 1157 497 Aquod
1171 434 1213 483 esi
1226 425 1297 481 inlus
1312 426 1439 494 leontinis,
1460 432 1488 480 ei
1501 422 1572 495 quod
1591 429 1633 479 esi
1645 420 1829 477 extrinsecus:
1844 428 1873 477 et
1889 452 1890 455 =

245 522 275 579 δί
286 528 329 579 ναί
339 522 422 588 ἄλλος,
434 528 468 594 pet
478 523 580 594 γίνοιτο.
596 538 605 572 ι

1087 527 1118 571 ut
1138 516 1328 586 compendiose
1342 515 1471 579 dicamus,
1489 512 1560 568 alind
1574 511 1681 582 quidem
1696 519 1724 564 et
1745 508 1816 564 οΙῖιιό
1840 523 1874 565 οε

1085 621 1119 661 ex
1133 605 1228 674 qubus
1238 605 1360 663 Salvator
1370 613 1420 668 est,
1432 620 1491 658 euru
1506 599 1558 657 ndu
1574 603 1644 657 idem
1658 603 1694 655 sit
1707 600 1838 656 invisibile
1847 609 1879 656 τι

249 704 361 770 risibile,
374 714 403 760 σι
416 703 469 759 boe
481 701 584 772 qnod
563 715 621 758 stne
635 708 756 771 tempora
768 708 821 768 est,
840 709 869 757 et
892 701 946 757 boc
959 699 1031 769 qrrod
1052 699 1102 753 sub
1116 705 1255 766 tempora:
1273 711 1326 750 uon
1339 704 1428 749 autent
1441 695 1509 749 alius
1522 702 1549 748 ct
1559 692 1648 748 alirr's.
1661 693 1741 747 absit.
1756 713 1766 746 ι

285 794 349 851 Ιόού
370 792 412 849 dot
428 794 524 850 τούτων
537 797 623 866 σαφῶς
637 788 784 847 διδάσκει
773 812 786 846 ο
809 792 835 845 iu
849 790 930 861 άγίοις
942 800 1002 865 Γριι
1010 790 1038 843 6·

244 906 313 963 ριος,
326 884 367 943 ότι
377 888 418 941 ίπί
428 889 473 940 τοῦ
483 885 547 939 κατά
557 871 664 958 Χριστόν
673 879 838 956 μυστηρίουό
849 883 894 952 μὲν
905 882 972 934 ίπί
957 900 1037 954 προσ·

249 981 325 1032 όιπιιν
338 977 380 1032 τόν
394 975 496 1048 ἀριθμόν
514 972 638 1045 λόγων,Ι
623 993 657 1032 ως
672 971 968 1043 άσεθόςιιαταιιρίνεται·
985 967 1037 1024 όδὲ

249 1070 292 1123 ίπί
313 1075 362 1123 τῶν
381 1068 479 1138 μύσιων
495 1060 552 1129 ίξ
534 1062 594 1118 ωνό
614 1059 649 1123 εἷς
672 1061 790 1119 συνετάθη
812 1061 930 1134 Χριστός,
949 1064 1038 1115 τοῦτον

249 1156 450 1232 παραλαμθάνων
464 1154 544 1229 ὀρθῶς
554 1152 668 1226 ὁμολογεῖ
678 1168 685 1183 ·
697 1153 731 1212 ὡς
741 1155 786 1211 τόν
800 1152 845 1221 μίν
858 1148 974 1226 διαφοράν
987 1157 1038 1205 τῶν

243 1248 421 1303 ·συνιλθουσῶν
438 1249 535 1320 φύσεων
548 1242 590 1300 διόι
609 1246 702 1300 τούτου
716 1245 855 1314 σημαίνων,
868 1241 990 1318 διαίρισιν
1008 1240 1039 1297 δε

249 1344 294 1398 τόν
316 1340 363 1393 est
382 1338 458 1413 μέρος
476 1335 531 1390 κατ’
545 1334 631 1391 ούόίνα
648 1336 741 1408 τρόπον
761 1336 921 1404 ποιούμενος.
939 1331 1039 1409 Ὠσπερ

250 1428 302 1499 γάρ
321 1428 396 1502 ε’τίρα
416 1425 490 1497 ρύσις
504 1432 550 1484 τῆς
564 1424 668 1497 ψυχῆς.
692 1426 733 1479 καί
751 1422 825 1496 ἕτίρα
842 1425 980 1492 σώματος,
998 1442 1041 1477 και

252 1519 322 1594 ὅμως
336 1516 371 1579 εἷς
391 1521 456 1575 κατά
477 1518 594 1575 σύνίεσιν
612 1516 743 1595 ἅνθρωπος
765 1517 935 1581 ἀποτελεῖται,
950 1520 993 1572 καί
1010 1539 1040 1573 ον

251 1607 313 1665 deo·
328 1609 395 1665 οὕτω
415 1612 457 1663 arri
470 1610 494 1663 ίν
512 1616 613 1683 Χριστῷ
627 1611 650 1663 si
662 1611 704 1662 καί
717 1606 763 1664 δύο
775 1607 866 1682 ρύσεις
878 1609 1040 1682 θροιροῦνται,

251 1701 324 1774 ε’τίριι
342 1703 388 1772 μίν
409 1707 455 1759 τῆς
479 1697 607 1763 θεότητος,
634 1699 706 1774 ίτίρα
723 1696 751 1753 όί
773 1704 819 1759 τῆς
836 1698 1038 1773 άνθρωπότητος,

1123 783 1190 840 Ecce
1205 799 1252 853 per
1264 784 1321 837 bec
1335 784 1472 838 evidenter
1485 783 1564 837 docet
1585 791 1693 837 sauctus
1718 780 1873 850 Gregorius

1087 874 1180 943 quod
1173 890 1200 929 ιιι
1213 875 1339 945 mysterio
1352 871 1450 928 Christi
1465 874 1510 927 iiie
1521 872 1628 941 quidem
1642 872 1688 940 qui
1707 872 1734 926 in
1753 873 1876 939 personis

1089 977 1229 1018 numerum
1243 963 1316 1027 dicit,
1332 971 1360 1018 ut
1378 963 1475 1032 impius
1489 962 1703 1023 crirrdemnatur
1725 960 1771 1015 ille
1785 972 1875 1014 autern

1088 1054 1133 1123 qui
1148 1053 1175 1106 in
1198 1052 1310 1118 naturis,
1325 1067 1360 1106 ex
1373 1052 1470 1120 qrribus
1487 1066 1554 1105 rinus
1576 1049 1697 1105 Christus
1711 1049 1876 1119 compositus

1090 1150 1142 1206 est,
1154 1156 1295 1197 numerum
1315 1141 1421 1211 accipit,
1446 1150 1521 1196 reete
1534 1138 1689 1206 confitetur,
1703 1148 1733 1194 ut
1750 1148 1815 1210 pote
1826 1138 1878 1195 dil·

1032 1245 1037 1260 ·
1091 1231 1231 1285 larentiam
1244 1230 1353 1300 quidem
1367 1238 1521 1284 naturarum
1535 1243 1595 1299 ιιιιαι
1617 1236 1810 1294 convenerunt,
1829 1244 1878 1299 per

1093 1319 1145 1373 boc
1154 1317 1306 1386 significans
1322 1336 1329 1372 ε
1348 1316 1508 1372 diuisionem
1525 1325 1627 1385 autem,
1641 1331 1701 1387 quac
1714 1332 1762 1387 per
1773 1328 1876 1388 partem

1034 1425 1039 1440 ·
1093 1417 1145 1471 est,
1171 1407 1244 1462 nullo
1268 1407 1349 1462 modo
1368 1406 1476 1461 iaciens.
1491 1406 1566 1461 Sicut
1580 1407 1650 1461 enim
1673 1406 1758 1462 altera
1781 1416 1876 1463 natura

1030 1519 1037 1536 ·
1091 1507 1132 1557 cst
1145 1500 1248 1559 animur,
1264 1507 1292 1553 et
1306 1499 1390 1553 altera
1404 1498 1535 1567 corporis,
1550 1506 1578 1551 et
1592 1505 1682 1553 tamen
1696 1514 1765 1553 uuus
1781 1512 1878 1554 secum

1090 1589 1153 1643 duro
1165 1576 1388 1658 compositionem
1402 1587 1484 1642 borno
1503 1586 1627 1652 efficitur,
1641 1596 1669 1642 et
1686 1604 1739 1643 non
1752 1587 1806 1643 duo
1827 1588 1877 1644 no-

1092 1683 1196 1744 ruines;
1224 1680 1263 1735 sic
1289 1687 1317 1733 et
1341 1679 1368 1734 in
1393 1677 1501 1734 Christo
1527 1679 1591 1734 licet
1615 1679 1674 1759 duae
1697 1680 1879 1749 intelligantur

251 1790 305 1846 mr
321 1793 351 1844 ,p
370 1789 413 1845 γρ,
433 1795 509 1845 roim
530 1787 576 1845 pp,
597 1787 743 1864 xpww,
763 1787 808 1845 pp,
819 1789 871 1843 ,pp
884 1790 1037 1861 ,amm
1057 1788 1202 1845 putamen,
1216 1779 1301 1833 altera
1315 1778 1422 1849 quidem
1435 1777 1551 1844 deitatis,
1568 1779 1651 1834 altera
1665 1795 1730 1836 vero
1752 1780 1878 1836 bomani·

250 1882 329 1940 ὀστε
343 1886 387 1940 τόν
400 1884 504 1955 ἀριθμόν
518 1890 567 1939 τῶν
579 1884 605 1937 is
614 1889 715 1955 Χριστῷ
727 1882 826 1956 φύσεων
839 1882 903 1937 νατόι
915 1883 959 1936 τόν
969 1883 1039 1957 ripn·

252 1980 323 2051 μόνον
335 1977 426 2052 τρόπον
441 1976 637 2053 παραιτούμενοι
653 1973 742 2045 λίγιιν,
758 1973 826 2033 δῆλοί
836 1974 886 2029 ιίσι
899 1979 945 2031 τόν
955 1970 1042 2043 διαρο·

252 2071 300 2146 pris
322 2068 417 2124 τούτων
437 2067 592 2144 ἀρναίμινοι,
605 2066 646 2118 καί
665 2065 797 2136 σύγχυσιν
818 2064 1041 2135 ίπιισόιγοιτεςτῇ

253 2159 388 2231 οίνονομίᾳ.
401 2158 429 2211 El
442 2154 469 2211 δί
483 2160 529 2215 τόν
539 2153 658 2229 διαρνρόιν
677 2153 850 2224 ὁμολογοῦσιν,
863 2153 959 2225 ἀνάγκη
977 2153 1043 2206 πάν·

252 2268 303 2309 τοις
318 2250 359 2303 ίπί
372 2249 453 2322 ταύτῃ
469 2248 519 2301 καί
528 2245 571 2301 τόν
591 2245 695 2323 ἀριθμόν
716 2250 767 2298 τῶν
781 2244 940 2313 ἀσυγχύτως
954 2240 1043 2295 συνελ-

251 2338 350 2393 θουσῶν
361 2339 459 2411 φύσεων
471 2338 507 2397 εἷς
520 2338 581 2407 μίαν
595 2335 740 2390 ὑπόστασιν
751 2334 831 2406 λίγειν
844 2334 946 2393 αύτούς.
957 2329 1041 2387 'oron

252 2428 303 2503 γάρ
315 2425 421 2499 διαφορά
432 2426 593 2499 γυλάττεται,
604 2425 686 2496 ταύτη
697 2426 799 2483 πάντως
810 2425 854 2478 καί
867 2422 969 2497 ἀριθμός
981 2423 1042 2477 ins·

252 2538 306 2574 ται.
316 2520 362 2577 ille
375 2518 502 2572 σύστασιν
516 2513 543 2570 δί
556 2522 605 2569 τῶν
618 2514 680 2586 παρ’
696 2513 765 2583 ἡμῶν
785 2514 920 2586 εἰρημένων
941 2519 972 2587 τῇ
991 2519 1041 2566 τιῖιν

252 2604 330 2677 ἁγίων
344 2606 461 2678 πατίρων
471 2607 601 2678 μαρτυρίᾳ
616 2606 752 2674 χρώμενοι,
767 2599 878 2672 δείξομεν
889 2602 983 2660 αύτούς
1000 2601 1042 2656 λε’·

251 2714 317 2765 γειν,
334 2693 375 2751 ότι
387 2695 428 2750 ίπί
449 2701 494 2749 τοῦ
515 2696 582 2748 κατά
600 2695 705 2771 Χριστόν
721 2695 863 2766 μυστηρίου
881 2691 906 2745 οί
918 2692 962 2759 μίν
975 2691 1043 2764 λόγοι

253 2783 411 2859 διαιροῦνται
425 2786 488 2840 πατά
498 2788 543 2843 τόν
555 2781 673 2858 διαγοράν
686 2790 735 2839 τῶν
748 2784 856 2855 φύσεων,
872 2783 989 2843 θεότητος
1001 2785 1042 2836 καί

252 2877 453 2952 ἂνθρωπύτητος.
472 2877 497 2940 ἐξ
512 2874 545 2930 ὦν
562 2878 602 2930 ιιαί
616 2875 742 2939 συνετέθη,
758 2875 800 2929 καί
817 2877 859 2927 τίν
875 2875 979 2946 ἀριθμόν
999 2873 1042 2927 let

252 2968 345 3023 τούτου
353 2967 606 3041 παροιλαμύάναυσεν,
618 2966 646 3018 ού
656 2970 705 3034 μὴν
717 2971 898 3040 πραγματικῶς
908 2966 956 3019 ἀνά
965 2965 1041 3040 με’ρος

251 3062 296 3117 τόν
309 3064 359 3113 τῶν
372 3059 471 3131 φύσεων
484 3064 614 3113 ποοῡντοιι
631 3055 750 3134 διαίρεσιν
764 3058 801 3117 είς
814 3055 860 3113 δύο
871 3056 1040 3124 incendente,

251 3148 306 3207 ύτοι
317 3146 362 3204 δύο
374 3144 508 3211 πρόσωπα,

1092 1870 1164 1936 tatis,
1178 1870 1225 1925 sed
1242 1885 1296 1925 nun
1312 1877 1421 1939 propter
1435 1869 1488 1924 hoc
1500 1870 1554 1925 duo
1579 1870 1688 1936 cbristi,
1704 1880 1751 1927 aut
1762 1872 1816 1927 deo
1829 1872 1878 1928 biii

1092 1960 1305 2016 introducuntur.
1321 1958 1391 2029 Ergo
1411 1960 1457 2028 qtti
1477 1975 1617 2015 numerum
1641 1972 1798 2017 naturarum
1820 1978 1880 2034 (ινα

1092 2054 1118 2107 iu
1133 2051 1241 2107 Christo
1255 2061 1328 2118 sunt,
1338 2050 1484 2107 secuudum
1499 2052 1655 2121 praedictum
1668 2052 1776 2108 modum
1788 2053 1881 2108 dicere

1091 2151 1225 2210 recusant,
1237 2142 1370 2198 manifesti
1386 2141 1638 2197 suutdillereotiarn
1653 2151 1806 2198 naturarum
1828 2144 1880 2199 ab·

1091 2242 1229 2304 negantes,
1257 2243 1285 2289 et
1307 2233 1493 2289 confusionem
1519 2234 1721 2290 introducentes
1740 2234 1883 2305 dispeusa-

1092 2325 1168 2380 tioni.
1192 2322 1221 2379 Si
1235 2339 1299 2379 vero
1317 2323 1495 2378 diderentiam
1510 2323 1683 2389 confitentur,
1707 2339 1816 2379 neeesse
1837 2335 1882 2380 ess
1939 2390 1946 2405 ἑ

1091 2412 1244 2468 omnimodo
1257 2411 1292 2467 ad
1306 2428 1364 2467 earu
1377 2410 1588 2480 sigrridcandnnn
1602 2420 1629 2467 et
1639 2428 1777 2468 nnmerum
1788 2414 1882 2471 dicere

1092 2512 1246 2560 naturarum
1260 2519 1319 2573 qrroe
1331 2505 1390 2559 siue
1402 2505 1558 2577 confusione
1580 2505 1606 2559 in
1631 2520 1711 2559 unam
1730 2505 1882 2560 subsisten-

1091 2605 1155 2659 tiam
1169 2611 1362 2659 convenerunt.
1379 2600 1429 2657 Ubi
1443 2601 1513 2657 enim
1526 2600 1674 2657 differentia
1690 2612 1825 2670 seruatur,
1840 2602 1879 2657 ibi

1092 2694 1165 2749 omni
1185 2692 1309 2748 modoet
1328 2707 1456 2747 numerus
1476 2692 1606 2763 sequitur.
1631 2692 1672 2747 dd
1695 2692 1881 2748 consentienda

1092 2792 1182 2837 autem
1197 2796 1228 2837 ea
1240 2796 1300 2852 que
1318 2781 1443 2848 diximus,
1463 2790 1619 2837 sanctorum
1634 2791 1738 2852 patrum
1753 2784 1880 2840 testimo·

1092 2874 1136 2929 nio
1146 2880 1262 2938 utentes,
1276 2860 1446 2928 ostendemus
1465 2887 1512 2926 eos
1525 2872 1625 2940 dicere,
1640 2873 1712 2941 quod
1722 2874 1749 2927 in
1763 2872 1881 2947 [myste-

1091 2965 1131 3020 rio
1145 2962 1351 3034 christidoro]
1374 2979 1427 3018 uuo
1442 2963 1556 3018 Dounion
1575 2971 1668 3018 nostro
1686 2962 1750 3019 lesu
1770 2963 1881 3020 Christo

1091 3056 1210 3111 rationes
1228 3054 1335 3125 quidem
1353 3052 1507 3108 dividuntur
1532 3054 1677 3110 seeundum
1699 3053 1881 3110 differentiam

1057 3138 1082 3204 C
1097 3157 1251 3204 naturarum
1260 3145 1368 3201 deitatis
1381 3154 1409 3200 et
1420 3146 1593 3201 humanitatis
1611 3161 1644 3200 er
1657 3146 1755 3214 quibus
1764 3159 1792 3202 et
1801 3162 1882 3202 conr-

1092 3237 1198 3315 positus
1209 3244 1262 3304 cst,
1274 3244 1301 3289 ct
1310 3251 1449 3291 numerum
1461 3236 1487 3289 iu
1502 3236 1555 3291 hoe
1564 3243 1711 3304 assumunt,
1722 3252 1775 3293 non
1786 3246 1881 3294 tamen

252 3327 311 3399 ipsa
330 3343 359 3384 re
380 3337 409 3385 et
436 3344 485 3399 per
506 3341 596 3400 partes
617 3337 771 3385 ιιιιιιιιοιιιιη
794 3328 895 3384 iaciunt
916 3327 1075 3385 divisionem
1093 3327 1120 3381 in
1132 3328 1198 3381 duas
1211 3326 1394 3383 subsistentias
1406 3327 1462 3381 sire
1480 3342 1610 3396 personas

290 3420 360 3489 Δίγει
380 3421 429 3494 γάρ
449 3419 462 3472 ό
481 3420 505 3473 όν
527 3421 605 3492 ἁγίοις
627 3419 742 3496 ιιύριλλος
756 3421 781 3473 is
803 3426 834 3493 τῇ
856 3418 975 3495 ιι’ρμηνεία
992 3423 1038 3472 τοῦ

252 3515 384 3566 Δευιτιιιού
401 3508 498 3568 οἷτως*
518 3527 527 3560 ι
539 3508 611 3564 ”Oios
625 3507 656 3569 δή
669 3510 744 3565 πάλιν
761 3510 785 3564 ίν
798 3510 897 3569 τούτοις
908 3510 1039 3583 πιριάθρει

252 3609 339 3674 σαφῶς
352 3608 397 3657 τού
411 3609 526 3674 σωτῆρος
539 3604 607 3671 ἡμῶν
621 3603 651 3656 τό
665 3605 816 3677 μυστήριον,
834 3601 878 3655 ναί
886 3601 927 3656 τόν
937 3598 980 3656 διὰ
991 3607 1038 3655 τοῦ

252 3693 325 3767 ίιγίον
350 3695 528 3764 βαπτίσματος
553 3694 716 3768 καθαρισμόν.
741 3695 789 3749 Δύο
812 3696 858 3765 μίν
878 3695 927 3768 γάρ
947 3695 1038 3769 ὀρνίθια

251 3785 370 3856 lisdem
387 3785 479 3838 ιιελεύει
492 3789 571 3847 ζῶντα
585 3788 626 3837 καί
647 3786 750 3858 καθαρά,
766 3786 807 3838 ἵνα
826 3790 918 3857 ueiens
933 3783 975 3840 διά
989 3793 1039 3841 τῶν

252 3880 371 3928 πετεινῶν
388 3876 431 3928 τόν
445 3875 558 3947 ούράνιον
579 3871 709 3947 ἄνθρωπόν
722 3895 750 3930 τι
769 3874 832 3947 όμοῡ
856 3879 899 3930 aad
917 3877 978 3931 Θιόν
1002 3880 1039 3936 ε’ς

252 3961 298 4017 δύο
310 3966 407 4033 φύσεις,
425 3962 484 4018 όαιν
505 3961 562 4026 ἧκεν
583 3968 618 4025 εἰς
638 3967 681 4020 τόν
696 3966 791 4040 ίιιάστρ
809 3968 938 4042 πρέποντα
954 3969 1036 4043 λόγον,

252 4049 439 4125 διαιρούμενον·
453 4053 526 4124 λόγος
537 4054 584 4130 γάρ
594 4052 623 4113 ἦν
636 4053 649 4110 ό
663 4056 690 4110 lx
704 4064 767 4111 Θεού
781 4060 879 4129 πατρός
889 4060 1039 4133 ἀναλάμψας

252 4141 277 4193 iu
288 4145 405 4215 σκριείτξι
418 4145 446 4197 is
457 4148 583 4213 γυναιιις,
597 4145 659 4204 πλόν
673 4148 701 4199 ού
713 4149 890 4222 μεριζόμενος·
903 4146 938 4211 τίς
952 4154 1000 4221 γάρ
1012 4152 1039 4214 ίξ

252 4231 343 4303 deppae
357 4231 370 4286 6
385 4234 504 4307 Χριστός.
516 4253 526 4284 ι
543 4238 588 4290 ιιαί
599 4236 668 4290 πάλιν
679 4236 692 4290 ό
704 4238 777 4299 αύτθς
788 4239 812 4292 ίν
823 4239 903 4310 άγίοις
920 4241 1039 4318 Κάμιλλος

251 4321 277 4376 ίν
293 4332 325 4397 τῇ
343 4324 407 4401 πρός
426 4328 560 4381 Σούνιενσον
579 4325 686 4435 δευτέρα
704 4327 825 4402 ε’πιστολῇ
836 4335 924 4405 γράγιι
937 4333 1037 4408 οὕτως·

254 4430 263 4462 t
273 4412 363 4468 ”’Δλλ
349 4414 484 4487 ηγνύοσαν,
496 4415 534 4471 ότι
545 4415 593 4472 όσα
604 4421 665 4475 νατά
674 4420 803 4489 μόνηντίαι
812 4423 918 4496 θεωρίαν
931 4422 1025 4497 δίαιτ’
987 4444 1038 4477 ει·

250 4506 308 4561 σθαι
320 4510 394 4579 ριλεί,
406 4514 489 4563 ταῦτα
508 4510 536 4562 ού
558 4513 659 4571 πάντως
674 4516 713 4566 καί
734 4513 794 4573 είς
783 4515 920 4587 ετερότητα
933 4521 978 4574 τόν
992 4519 1039 4571 ανά

1125 3416 1194 3470 bieit
1204 3416 1276 3470 enim
1290 3424 1401 3471 sanctus
1413 3414 1528 3487 Cyrillus
1541 3416 1568 3472 in
1584 3417 1692 3473 Levitiei
1716 3420 1882 3489 interpreta-

1088 3505 1162 3561 tione
1176 3504 1269 3574 (Leeit.
1280 3506 1335 3575 xre)
1357 3505 1414 3562 sic:
1434 3505 1550 3562 ιΤιιιιιιιι
1563 3507 1590 3562 in
1602 3508 1643 3565 bis
1657 3509 1752 3565 iterum
1762 3513 1883 3567 eircum-

1088 3597 1163 3666 spice
1176 3603 1269 3666 aperte
1281 3595 1427 3652 salvatoris
1440 3597 1525 3653 nostri
1538 3600 1706 3668 mysterium,
1730 3608 1758 3656 et
1779 3617 1880 3657 emun-

1088 3683 1223 3739 dationem
1234 3699 1294 3754 quoe
1306 3694 1485 3755 personatum
1499 3687 1630 3758 baptisma
1651 3689 1688 3745 su.
1713 3690 1783 3746 Duas
1800 3693 1879 3747 errius

1088 3775 1204 3831 aviculas
1217 3777 1286 3831 sumi
1295 3776 1370 3847 jubet
1382 3778 1458 3832 viras
1467 3787 1495 3833 ct
1507 3779 1629 3845 mundas,
1645 3790 1674 3836 ut
1684 3782 1815 3851 intelligas
1826 3799 1878 3853 per

1088 3866 1207 3921 volatilia
1222 3866 1359 3922 coelesteru
1375 3868 1511 3923 bominem
1524 3870 1600 3924 simul
1613 3878 1641 3925 et
1655 3871 1748 3938 Deum,
1762 3872 1789 3927 iu
1808 3871 1879 3928 duas

1089 3964 1208 4023 naturas,
1229 3966 1358 4026 quantum
1383 3958 1499 4027 pertinet
1519 3958 1553 4014 ad
1567 3956 1709 4015 'rationem
1732 3960 1880 4030 unicuique

1088 4049 1303 4116 conuenientem,
1315 4047 1496 4106 diridendunr.
1510 4051 1578 4106 Deus
1591 4053 1662 4107 euim
1678 4053 1803 4121 Verbum,
1815 4056 1884 4127 quia

1089 4161 1123 4201 cx
1137 4145 1193 4202 beo
1207 4144 1286 4203 Patre
1300 4156 1351 4213 est,
1366 4148 1500 4218 splenduit
1510 4149 1536 4204 iu
1550 4165 1630 4205 carne
1642 4165 1701 4219 quae
1717 4167 1750 4205 cx
1763 4154 1881 4209 muliere

1088 4243 1139 4303 est,
1162 4246 1345 4293 verumtamen
1371 4254 1425 4293 nou
1449 4238 1634 4309 parttendurm
1656 4256 1725 4295 ιιιιιιι
1746 4243 1816 4296 enim
1839 4256 1879 4299 er

1089 4327 1208 4396 utrisque
1218 4328 1349 4383 tibristus.
1367 4348 1377 4381 ι
1395 4329 1428 4384 Et
1440 4330 1536 4386 iterum
1551 4329 1623 4386 idem
1637 4340 1746 4389 sanctus
1759 4331 1879 4404 cyntius

1089 4420 1115 4474 iu
1138 4419 1253 4475 securrda
1270 4421 1304 4475 ad
1321 4419 1480 4477 Successore
1500 4421 1614 4493 epistola
1636 4424 1673 4477 ita
1694 4418 1775 4480 dicit:
1793 4443 1803 4477 ι
1820 4423 1880 4483 Sed

1090 4510 1278 4575 ipiorareruut
1291 4509 1362 4579 quod
1374 4526 1433 4579 quur
1444 4528 1491 4581 per
1506 4515 1591 4569 solum
1605 4513 1776 4569 intellectum
1789 4515 1878 4572 dividi

250 4592 364 4667 μίραςόλ
359 4596 476 4669 οτρόπως
497 4599 537 4651 καί
557 4588 839 4669 ίόιαῐιςὰποροτόσειιν
860 4625 891 4656 αν
909 4606 947 4659 ἀπ
948 4604 1037 4662 ·ἰὰλι-
1088 4601 1186 4665 soleut,
1206 4616 1260 4654 nnn
1283 4601 1340 4656 boec
1367 4604 1518 4658 necessario
1545 4606 1626 4659 etiarn
1652 4605 1680 4661 in
1703 4606 1842 4661 alteritate
1845 4622 1877 4673 ιι

246 4682 308 4737 λων
321 4685 408 4739 ιεαι
398 4707 411 4739 ο
425 4686 470 4741 lu
459 4708 484 4741 α
481 4690 539 4759 piare
550 4689 675 4750 Βασιλιιις
685 4691 709 4744 ἐν
719 4698 755 4761 τῷ
765 4694 879 4764 τετάρτῳ
893 4716 941 4749 κατ
963 4696 1036 4749 εὐνα·
1054 4702 1149 4764 [γηιιαε
1159 4696 1201 4743 est
1210 4703 1258 4757 per
1270 4696 1371 4758 partes,
1385 4692 1539 4747 oninimodu
1553 4703 1581 4747 ct
1594 4695 1746 4762 specialiter
1758 4711 1772 4749 a
1787 4710 1817 4751 se
1831 4697 1879 4750 in·

249 4778 308 4846 μίαιι
321 4776 384 4847 λόγῳ
394 4778 534 4852 ἑρμηνεύων
547 4781 701 4855 εό-ιεὺρως
714 4781 795 4838 ferrei
806 4803 848 4855 μς,
863 4786 904 4837 uni
914 4784 965 4858 πρὸ
975 4788 1037 4838 an'a·
1089 4779 1174 4830 uicem
1194 4779 1398 4847 separabuntur.
1420 4800 1429 4832 ι
1456 4780 1509 4837 Sed
1531 4790 1558 4837 et
1579 4794 1688 4840 sauctus
1710 4785 1822 4840 Basilius
1846 4786 1879 4841 in

249 4866 402 4936 τωνβογνιῑιν
411 4874 479 4940 γεννᾷ
489 4888 518 4939 με
527 4873 652 4944 -γριιιι
663 4871 754 4931 οὕτως·
764 4889 773 4922 ι
785 4875 896 4930 nuntios
906 4869 980 4928 oduei
991 4878 1037 4953 μὲν
1088 4862 1183 4936 quarto
1193 4868 1262 4923 libro
1272 4870 1543 4937 contraEunoruinnr,
1551 4875 1728 4942 interpretans
1740 4875 1791 4931 boc
1800 4878 1879 4947 quod

250 4957 425 5026 ipimus,
438 4959 479 5013 ἐπὶ
493 4965 538 5013 eun
550 4966 612 5014 6.οῡ
624 4961 688 5014 uin)-
700 4964 729 5016 τι
738 4960 764 5017 δι’
779 4961 922 5028 egum,
935 4966 976 5018 ςπὶ
990 4971 1034 5019 τις
1087 4967 1148 5013 est:
1164 4956 1289 5012 [laurinus
1303 4961 1396 5013 ειεαιίι
1409 4977 1458 5023 me,
1474 4972 1500 5014 et
1516 4974 1575 5018 arete
1587 4980 1675 5019 οηιιιιο
1695 4967 1773 5022 colles
1784 4969 1879 5037 petiuit
1976 4997 1979 5000 ·

248 5055 293 5107 nia
301 5054 396 5125 μορριιν
404 5056 449 5105 τοῦ
458 5049 546 5105 δούλου
554 5052 684 5113 λαθόντας.
693 5050 730 5105 ἐν
742 5059 807 5109 πᾶσι
814 5051 841 5107 δι’
848 5053 947 5112 τούτοις
954 5056 983 5108 ού
990 5052 1036 5109 δύο
1077 5065 1116 5105 nte
1126 5048 1217 5120 (Ρτοιι.
1228 5048 1335 5119 errrlrita
1345 5052 1454 5106 scribit:
1469 5072 1479 5103 ι
1491 5053 1691 5124 Intelligendum
1702 5057 1755 5114 boc
1765 5062 1876 5129 quidem

249 5138 359 5212 λίγομιν,
376 5141 436 5196 Θεόν
448 5139 510 5209 ίόία.
525 5145 568 5197 snei
581 5140 713 5218 ἄνθρωπον
725 5142 776 5218 ἰδία
788 5160 794 5173 ·
806 5141 840 5203 είς
849 5145 898 5219 γάρ
917 5142 947 5203 όν
973 5146 1036 5200 ἀλλὰ

248 5230 302 5283 κατ’
316 5230 428 5286 ίπίνοιειν
440 5238 485 5290 τὴν
504 5232 611 5286 εἰαίστον
623 5234 698 5303 φύσιν
717 5233 879 5304 λογιζόμενοι.
894 5252 902 5283 ι
919 5237 961 5288 rel
978 5233 992 5289 6
1012 5235 1037 5288 όν

248 5316 329 5391 εἐγίοις
342 5316 369 5371 δί
384 5318 544 5396 [·ριιγόριοςό
560 5318 669 5399 θεολόγος
660 5322 706 5374 ίν
723 5330 759 5388 τῷ
777 5326 836 5397 πιρί
856 5324 911 5378 υἱοῦ
927 5322 1036 5397 δευτέρῳ

248 5405 314 5475 λόγω
325 5403 546 5478 διδάσαωνημῖις,
559 5408 629 5469 όπως
651 5408 690 5465 iet
704 5414 750 5471 τάς
774 5412 797 5464 iu
817 5420 854 5485 τῷ
876 5417 1036 5489 ιιυρίωάμιῑν
1062 5414 1064 5417 ’

246 5486 329 5552 leco-i
351 5504 452 5569 xptos-i
471 5501 559 5568 φύσεις
576 5500 632 5555 νοντ’
655 5501 764 5556 ίιεινοιαν
785 5501 924 5577 διακρίνειν,
949 5508 1037 5578 γρὰρει

160 5626 169 5638 .
247 5603 338 5648 οκτως·
356 5585 459 5643 ιιινικα
470 5611 497 5643 αι
509 5611 597 5660 proras
609 5591 753 5649 διίστανται
766 5614 824 5652 ταις
834 5594 965 5656 ίπινοιαις
979 5618 1039 5651 συν·

249 5673 382 5750 διαιρεῖται
403 5679 445 5731 καί
466 5680 499 5735 τοί
519 5678 641 5750 ίνύματα.
659 5681 756 5737 Παύλου
774 5681 925 5755 ).ίγοντος”
909 5703 1036 5740 uacare-a·

1087 5136 1160 5205 quod
1173 5138 1246 5205 dicit,
1261 5145 1365 5205 crenus,
1380 5142 1516 5211 decoqui
1531 5144 1644 5201 lormaru
1666 5150 1736 5203 serri
1755 5153 1874 5221 accepit.

1087 5234 1171 5291 iubis
1185 5244 1275 5293 autem
1288 5238 1412 5295 omnibus
1427 5256 1478 5296 nou
1490 5241 1543 5298 duo
1556 5245 1679 5314 dicimus,
1696 5247 1777 5303 ὓειιιιι
1791 5265 1876 5320 sepa-

1087 5332 1175 5389 ratim,
1199 5335 1226 5383 ct
1248 5329 1382 5385 hominem
1395 5335 1549 5403 separatim,
1564 5353 1631 5392 unus
1645 5339 1717 5393 enim
1731 5349 1808 5394 erat:
1824 5344 1876 5397 scd

1087 5416 1232 5471 seeundum
1259 5418 1435 5485 intellectum,
1465 5423 1602 5493 utriusque
1628 5434 1749 5485 naturam
1776 5430 1876 5486 eristi·

1088 5515 1200 5562 urentes
1213 5527 1222 5559 ι
1234 5506 1324 5564 Sedet
1335 5519 1443 5567 sanctus
1452 5510 1595 5582 Gregorius
1606 5516 1773 5587 Theologus
1766 5536 1792 5573 ιιι
1804 5521 1876 5577 libro

1086 5599 1205 5654 secundo
1221 5599 1255 5654 de
1269 5600 1345 5665 Filio,
1361 5603 1461 5661 decens
1484 5621 1533 5662 nos
1547 5609 1682 5678 quomode
1706 5613 1732 5665 in
1756 5610 1875 5669 Domino

1087 5698 1180 5744 nostro
1189 5687 1253 5745 lesu
1265 5688 1372 5747 Christo
1385 5704 1492 5765 oportet
1507 5707 1684 5769 naturasque
1708 5702 1734 5755 in
1749 5718 1784 5758 eo
1797 5714 1874 5773 sunt,

249 5761 478 5827 ·-ἸναόΘεύςτοῦ
489 5770 653 5846 ιιυρίουόμῶν
660 5770 1036 5851 ἸασούΧριστούόπατύρτῆς
1085 5778 1601 5857 sccundurniutellectumdiscernere,'
1594 5800 1631 5846 ιιι
1644 5792 1757 5847 scribit:
1776 5792 1875 5847 ‹Gutu
