4059 6184
214 306 279 363 tdtt

827 308 861 364 il.
883 307 1021 365 auuattt
1039 307 1239 369 CASSIODORI

1781 311 1846 366 teto

214 422 322 492 iniquos
346 430 373 478 et
387 422 518 484 ebriosos,
544 410 637 489 idest,
662 419 808 484 hercules,
821 422 964 492 Dionysius
977 432 1004 478 et
1019 424 1223 488 Arotuntarcm
1234 422 1451 495 desideriumque
1464 421 1624 481 caelestium.
1643 420 1689 480 Sic
1699 422 1771 478 enirn
1785 436 1849 479 rers

212 514 366 586 Asclepios,
381 513 458 568 sicuti
473 511 629 582 lrequeuter
643 512 670 566 iu
684 512 741 567 suis
751 512 826 569 libris
837 512 1007 584 lulianusju·

213 622 274 661 rare
288 622 341 662 non
365 603 510 660 erubescit.
533 602 652 671 Quorum
679 603 814 659 masculos
839 603 1006 674 laminasque

212 694 359 765 Cupidines
374 695 398 751 si
414 709 576 751 enumerare
590 694 715 759 rrrluero,
729 694 806 766 longa
817 694 948 766 digressio
962 710 1007 766 ge·

213 796 332 842 noratur.
348 786 400 842 Sed
413 783 515 842 scilicit
529 784 586 840 baec
601 785 672 842 scire
682 784 835 842 volentibus
851 786 1005 841 Aristotelis

214 875 339 943 l’allium,
355 885 384 931 ct
397 875 504 932 Corona
529 876 660 946 Dionysii,
680 887 709 929 ct
729 876 799 931 liber
818 876 896 946 Egiui
915 876 1006 931 rrrrrltae

213 967 363 1034 rneuroriar,
380 969 511 1037 turbaque
522 975 662 1038 poctarum
676 969 721 1037 qui
736 966 770 1022 de
779 966 878 1023 talibus
891 967 1007 1022 scriben·

215 1046 345 1125 tes,'rere
360 1056 502 1113 ridiculum
526 1064 553 1111 ct
575 1056 732 1111 inanitatem
762 1056 902 1128 theologie
917 1068 1008 1112 osten-

214 1151 279 1205 dere
302 1163 477 1221 paganorum.
498 1147 565 1216 Quia
592 1164 656 1203 ucria
680 1148 816 1218 proprium
841 1163 1007 1219 paganorum

218 1246 263 1295 cst
287 1240 409 1295 homines
440 1253 544 1294 srrnrma
569 1236 698 1294 facilitate
722 1239 849 1294 deilicnre
873 1248 1009 1297 munstre·

215 1348 285 1388 urus.
298 1330 408 1387 Rhodiis
422 1330 536 1401 quadam
551 1330 706 1387 calamitate
718 1329 836 1386 detentis
848 1346 1006 1402 responsum

215 1432 257 1478 est
274 1423 367 1478 datrnn
392 1434 421 1477 nt
440 1421 584 1493 Phrygium
608 1421 683 1476 Attin
700 1423 868 1478 sacerdotem
890 1424 1009 1478 vesaniae

217 1514 351 1584 l‘hrpgnm
374 1512 580 1567 celebritatibus
596 1512 744 1580 placarent.
761 1512 827 1568 'lale
841 1527 957 1582 namque
969 1526 1010 1568 re·

217 1619 347 1674 spinosum
360 1610 402 1658 est
418 1619 425 1656 a
442 1603 515 1659 Attin
538 1603 644 1673 placate
657 1594 737 1658 deum
763 1618 888 1674 maguum
913 1619 1009 1673 parurn

216 1698 348 1759 Adonem,
366 1695 444 1751 bonae
458 1696 532 1762 vitm,
546 1693 700 1751 divitiarum
715 1694 848 1763 datorem,
861 1706 1009 1752 comatum-

1058 523 1086 570 et
1099 529 1147 570 cor
1161 514 1262 571 babens
1279 514 1306 569 in
1328 529 1408 569 marra
1425 514 1481 580 liei,
1498 523 1525 570 et
1537 514 1679 585 imperium
1703 526 1764 568 eum
1782 527 1849 583 pace

1058 603 1148 660 multis
1157 620 1288 660 annorum
1301 603 1441 661 curriculis
1453 603 1625 676 gubernabis.
1640 602 1752 659 volente
1766 602 1849 673 igitur

1058 703 1112 749 tea
1135 694 1213 750 nobis
1229 705 1273 750 tua
1288 694 1393 750 discere
1407 695 1506 764 pietate
1519 690 1659 749 catholicae
1675 692 1803 749 Ecclesiae
1817 692 1851 748 li-

1056 783 1131 851 dem,
1143 786 1244 855 gratias
1268 785 1305 841 ob
1327 786 1377 841 hoc
1393 785 1508 857 bonaino
1521 783 1670 840 relerentes
1682 782 1848 847 curatimus,

1058 889 1088 934 ut
1100 876 1230 949 prolalnin
1249 879 1420 934 abeuntibus
1435 878 1557 933 Patribus
1576 880 1602 931 ln
1616 876 1705 932 Nicaea
1720 885 1771 932 tum
1791 878 1850 948 pic-

1058 971 1106 1024 tatl
1120 970 1315 1027 insinuaremus
1330 971 1419 1025 lideru.
1435 968 1591 1025 llanceninr
1606 969 1779 1039 repudiantes
1789 970 1849 1039 uui-

1059 1061 1131 1128 darn,
1160 1062 1237 1118 nobie
1261 1063 1386 1134 equidem
1412 1063 1565 1132 lreuucuter
1588 1062 1706 1117 insidiati
1726 1071 1798 1128 sunt,
1815 1077 1851 1119 eo

1059 1153 1129 1224 quod
1143 1155 1247 1209 Ariana
1263 1172 1315 1209 uon
1337 1156 1549 1211 consentiremus
1571 1156 1696 1211 vesaniae.
1718 1158 1849 1212 ductores

1059 1261 1083 1299 r·
1093 1261 1124 1301 ro
1137 1245 1199 1301 laeti
1211 1255 1273 1300 srtnt
1282 1248 1346 1301 hren
1355 1247 1393 1300 sis
1404 1258 1430 1301 ct
1443 1247 1618 1303 schismatum
1634 1248 1790 1321 arrisersalis
1799 1248 1851 1302 Ec·

1060 1337 1159 1392 eleae.
1176 1337 1243 1391 Vera
1254 1353 1317 1406 crgo
1332 1346 1358 1391 ct
1369 1339 1410 1402 pia
1427 1337 1452 1390 in
1471 1337 1611 1391 ttoniouur
1622 1347 1741 1392 nostrum
1757 1337 1850 1392 iesum

1060 1425 1196 1481 Christum
1214 1426 1279 1480 hrles
1293 1441 1334 1480 est
1352 1426 1477 1481 nurnibus
1495 1425 1646 1492 ruanilesta,
1662 1437 1689 1480 et
1701 1443 1734 1482 cr
1748 1427 1848 1483 divinis

1062 1515 1157 1571 litteis
1177 1518 1265 1585 agnita
1285 1527 1365 1585 atque
1381 1516 1458 1569 lecta.
1480 1514 1506 1568 hr
1520 1516 1569 1569 hac
1581 1516 1652 1570 eninr
1667 1515 1749 1573 etiam
1760 1518 1846 1571 sarrcti

1061 1607 1191 1680 trrarrprio
1211 1610 1391 1663 cnusurruuati
1408 1618 1480 1675 sunt,
1504 1618 1531 1663 et
1546 1598 1781 1677 rcqrriesceutesin
1793 1610 1847 1664 lio·

1063 1700 1136 1753 nrino
1151 1712 1222 1753 nune
1233 1699 1394 1756 consistunt·
1413 1697 1546 1751 liauserar
1563 1698 1651 1768 itaque
1661 1712 1769 1773 seniper
1782 1698 1849 1754 ddes

217 1806 269 1862 rpue
296 1789 464 1861 biorrysium.
489 1788 546 1844 lloc
569 1789 660 1860 itaque
688 1804 828 1860 responso,
845 1790 931 1854 Attin,
962 1788 1007 1859 qui
1026 1787 1155 1855 Billmsa,
1177 1787 1228 1842 nisi
1242 1787 1373 1842 calliditas
1387 1787 1563 1857 quorumdam
1583 1783 1770 1844 haereticorum
1788 1805 1848 1845 earu

217 1894 310 1936 amore
320 1895 419 1935 vesano
431 1879 607 1949 semetipsum
617 1877 727 1947 occidit,
737 1878 862 1934 eumdem
875 1879 1006 1944 Adonem,

219 1976 428 2046 Dionysiamque
441 1970 599 2028 norninnrit.
612 1972 733 2043 Cumque
760 1972 913 2028 Alexander
928 1973 1011 2029 liare

217 2067 317 2122 dunum
333 2082 379 2122 rer
396 2066 536 2123 transisset
546 2064 573 2120 in
588 2066 691 2131 Asiam,
707 2065 1010 2137 Amphictyoneshles·
1029 2066 1033 2073 “

217 2158 301 2213 arudro
316 2157 457 2219 lavantes,
475 2156 593 2211 carmina
607 2155 659 2211 ista
678 2155 830 2211 linxerunt:
842 2154 934 2211 locem
950 2156 1011 2209 deo

221 2264 280 2305 rarn
300 2250 423 2318 consule,
437 2246 743 2303 ctlliuerrambonora
760 2255 801 2303 ter
822 2249 953 2316 genitam,
964 2248 1011 2317 qui

219 2355 333 2410 corpore
360 2337 465 2394 mortali
491 2352 637 2409 supernum
653 2337 797 2395 abscondis
811 2353 914 2408 regem,
930 2353 1009 2410 qrrenr

219 2431 321 2500 iupiter
341 2430 453 2486 heroum
466 2430 608 2486 seminarit
624 2430 767 2499 garreribus
784 2427 951 2507 adiutorem,
962 2431 1010 2483 bo·

219 2540 260 2576 nac
277 2524 348 2594 leges
362 2523 463 2577 laetitae
484 2520 666 2576 Alexandrum
684 2528 804 2579 statuere
825 2535 927 2590 regern.
949 2519 1011 2573 llaec

220 2615 244 2669 iu
269 2613 364 2683 Pythia
384 2611 457 2685 led,
474 2609 594 2683 Parthia]
613 2612 797 2679 pronuntiarit
815 2610 938 2676 daurom
966 2610 1012 2681 piri

220 2722 280 2760 curn
297 2704 448 2776 potentibus
456 2702 620 2774 adularetur,
633 2701 778 2771 deilicahst
787 2717 844 2759 eos.
857 2702 1011 2787 Quidsenim

220 2799 350 2862 dicamus,
364 2794 427 2851 duur
445 2795 525 2867 etiam
546 2795 715 2851 Cleomedem
742 2795 801 2869 [ms.
818 2794 893 2869 ipa,
905 2795 1013 2852 bieme·

222 2888 295 2963 deta]
308 2889 434 2945 athletam
460 2886 653 2956 deificaverint,
676 2889 713 2943 ita
737 2890 858 2945 dieentes
874 2906 881 2942 :
898 2889 1013 2946 Ultimus

220 2983 332 3037 heroum
346 2978 507 3037 Cleurucdes
522 2981 639 3037 civitatis
650 2981 768 3049 stillata,
779 2981 1012 3057 ouenrsaerilrciis

220 3074 360 3140 bonorare,
377 3074 438 3141 prtia
452 3073 571 3127 niortalis
589 3072 644 3144 jam
666 3088 718 3129 non
739 3080 791 3128 est.
819 3073 932 3141 Piorum
961 3074 1012 3128 lroc

1063 1866 1172 1932 uiolare
1188 1887 1374 1946 praesumeret.
1400 1877 1480 1932 Arius
1510 1876 1582 1931 eninr
1608 1877 1715 1945 auidam
1739 1877 1852 1948 ejusque

1060 1982 1207 2026 sectatores
1221 1986 1361 2040 cranmere
1374 1981 1400 2025 et
1412 1968 1577 2041 impietatem
1589 1969 1721 2025 adsersus
1736 1987 1794 2026 eam
1807 1973 1846 2024 in·

1063 2062 1202 2117 traducere
1216 2071 1388 2117 lerrtareruru
1402 2077 1409 2115 ε
1421 2060 1554 2126 dieentes,
1565 2074 1598 2117 ex
1607 2076 1660 2116 nou
1672 2062 1854 2128 exstantibus,

1062 2163 1089 2208 ct
1100 2164 1262 2219 creaturam,
1277 2166 1357 2225 arque
1372 2154 1512 2221 lucturam,
1522 2155 1779 2225 convertibilemque
1790 2170 1853 2210 esse

1063 2245 1159 2299 Filium
1175 2244 1241 2315 bet,
1259 2246 1439 2314 plurimosque
1455 2258 1502 2311 per
1513 2244 1574 2299 talia
1586 2243 1764 2321 seduxerunt,
1775 2245 1809 2299 ita
1822 2255 1851 2301 ut

1063 2335 1141 2391 etiarn
1156 2336 1202 2406 oui
1216 2335 1314 2405 aliquid
1325 2350 1385 2391 csse
1399 2336 1566 2405 vitabantur,
1583 2335 1745 2406 blasphemia
1758 2334 1848 2407 liujus·

1063 2431 1135 2511 medi
1154 2436 1334 2487 traherentur.
1354 2429 1459 2485 lerum
1473 2429 1560 2485 saneti
1579 2429 1672 2485 Patres
1690 2431 1773 2486 nestri
1788 2431 1852 2487 nliur

1062 2524 1266 2591 convenientes,
1276 2522 1353 2578 sicuti
1370 2522 1554 2593 praediximus,
1568 2522 1594 2577 in
1606 2521 1713 2578 Nicaeno
1724 2522 1851 2590 concilio,

1064 2616 1190 2673 Arionem
1205 2618 1312 2686 quidem
1324 2625 1422 2672 sectam
1435 2617 1726 2673 anathematizaverunt
1739 2635 1747 2672 z
1759 2617 1853 2672 catha·

1064 2706 1122 2761 lirae
1149 2721 1214 2763 tero
1229 2705 1355 2761 Ecclesia
1376 2704 1466 2769 sidem,
1487 2706 1619 2775 scriptura
1633 2714 1711 2770 teste,
1739 2706 1854 2776 professi

1064 2803 1139 2851 sunt.
1158 2795 1249 2865 carrae
1261 2795 1452 2867 predicatione
1466 2794 1579 2851 heresis
1593 2811 1641 2851 crs
1654 2796 1855 2865 incursuque

1065 2889 1162 2957 trbirpre
1178 2888 1320 2944 ridebatur
1337 2902 1460 2943 accense.
1476 2887 1538 2944 ttae
1556 2888 1645 2958 iaque
1658 2889 1724 2943 tides
1738 2904 1786 2957 per
1796 2904 1856 2944 otn-

1065 2995 1111 3033 ncs
1125 2979 1259 3043 Ecclesiae
1269 2979 1406 3051 legebatur
1415 2987 1496 3049 atque
1506 2978 1711 3048 predicabatur.
1725 2978 1779 3035 Sed
1791 2994 1855 3049 ouo

1066 3074 1135 3126 niani
1157 3071 1282 3126 Arianam
1302 3073 1425 3127 tracesio
1447 3072 1558 3142 qnidam
1573 3068 1706 3129 renouare
1719 3072 1855 3134 colentes.

220 3180 283 3235 ergo
295 3179 453 3234 responsum
468 3164 598 3234 Diogenes
609 3162 737 3235 cynicus,
749 3178 776 3221 et
790 3166 944 3222 0enorrrans
956 3166 1012 3235 plri-
1027 3162 1057 3233 C*
1067 3166 1149 3235 ipsam
1163 3165 1243 3219 lldcrn
1266 3179 1280 3218 a
1296 3163 1417 3219 Patribus
1442 3166 1468 3217 in
1488 3164 1575 3219 Nicea
1590 3165 1721 3235 prolatam
1745 3164 1856 3219 anatlre-

221 3255 348 3326 hrsophus
366 3254 490 3330 Pythium
505 3256 736 3326 reprehenderunt
757 3257 921 3333 Apollinem.
934 3258 1012 3330 Cyzi-

217 3346 280 3402 ceni
292 3359 357 3401 rero
372 3332 627 3401 tertiumdecimum
642 3346 722 3403 deum
736 3346 886 3404 Adrianum
897 3350 1013 3419 appella·

222 3445 327 3491 rerunt.
344 3435 491 3492 sedetiam
505 3436 562 3507 ipse
570 3436 705 3495 Adrianus
718 3448 836 3493 amatum
850 3434 926 3495 suain
938 3438 1013 3492 Arni·

222 3542 301 3583 rreum
315 3527 456 3605 deilicarit.
467 3527 500 3583 lit
515 3529 572 3584 hacc
586 3529 737 3595 ridiculum,
754 3542 782 3587 et
795 3526 950 3585 inanitatem
960 3546 1013 3585 nen

222 3619 289 3674 dicit
302 3634 363 3675 csse
378 3619 527 3676 Libarriusl
547 3621 609 3676 lla-c
624 3637 718 3692 ergea
740 3621 818 3676 nobis
836 3633 944 3692 propter
955 3622 1014 3690 ejus

222 3710 431 3779 detractionem,
447 3726 495 3781 per
508 3710 702 3783 digressionem
718 3711 787 3767 dieta
806 3704 1016 3768 sulliciant.'So·

218 3815 334 3869 curres,
349 3799 396 3858 tib.
410 3815 450 3870 tn,
465 3816 524 3875 cap.
540 3803 584 3858 lt.
597 3802 670 3858 Edit.
682 3801 779 3859 (Ilrrist.
797 3802 883 3859 Voles.
899 3820 955 3872 cup.
967 3802 1014 3870 ai,

222 3911 248 3965 p.
262 3893 324 3951 luti.
745 3917 747 3921 ¹
991 3892 995 3895 ’

534 4008 651 4065 (ἶΑΡυΤ,
665 4008 709 4064 lll.

222 4097 262 4154 De
275 4097 427 4152 rectrtudrne
440 4097 501 4165 fidei
519 4093 636 4163 Jooiuni,
653 4109 676 4153 st
695 4098 756 4165 quid
769 4096 926 4165 Athanasius
937 4098 1015 4153 Ales·

484 4169 608 4222 undrinus
618 4170 759 4237 scripserit.

256 4255 1014 4345 lerianns[ed.l.etFreb.,lorinianus]ergaimperruor,

221 4364 283 4405 uror
298 4358 328 4404 ut
341 4348 448 4418 imperil
460 4346 501 4403 sui
513 4356 603 4404 termo
615 4348 753 4419 ingressus
762 4355 817 4415 est,
833 4347 947 4417 primam
959 4348 1016 4402 lrnc

212 4442 391 4512 conseripsit.
408 4451 438 4497 ut
451 4441 570 4513 episcopi
587 4440 622 4497 de
635 4441 731 4497 ersilio
744 4452 907 4507 recrearent,
923 4454 950 4495 et
966 4440 1016 4497 Ec·

1066 3257 1195 3314 rnatirare
1211 3264 1453 3327 praesunrpserunt;
1466 3255 1621 3325 altoutrero
1641 3256 1745 3326 lingunt
1757 3271 1786 3311 se
1795 3271 1856 3312 earn

1066 3347 1197 3419 proliteri,
1209 3347 1354 3419 sed-ipsam
1369 3346 1508 3403 veritatem
1523 3361 1624 3418 negare
1635 3357 1796 3412 noscmnur,
1809 3347 1862 3403 ali-

1066 3449 1106 3494 ter
1133 3440 1340 3509 interpretantes
1365 3437 1690 3504 consubstantialitatem,
1711 3446 1740 3493 et
1762 3449 1857 3492 sanctu

1066 3530 1177 3603 Spiritui
1191 3530 1419 3599 blasphemantes,
1438 3544 1499 3584 cunt
1518 3529 1611 3583 dieunt
1629 3544 1691 3585 eunt
1705 3538 1857 3585 creaturam

1066 3638 1125 3678 esse
1137 3631 1217 3691 atque
1233 3622 1362 3675 iacturam
1375 3635 1422 3689 per
1433 3617 1528 3674 l'iiinm
1543 3619 1703 3675 celebratam
1720 3632 1859 3674 :necessa-

1066 3715 1108 3771 ria
1120 3713 1325 3771 considerantes
1341 3712 1478 3767 laesionem
1494 3725 1554 3780 quae
1564 3727 1596 3765 et
1609 3709 1761 3777 huiusmodi
1773 3722 1858 3764 causa

1066 3817 1159 3864 eontra
1178 3808 1306 3879 populoru
1326 3788 1479 3875 generatur,
1497 3802 1595 3859 olierre
1612 3812 1664 3857 ture
1684 3802 1775 3872 pietati
1789 3817 1860 3857 eorr-

1068 3897 1209 3953 lessiouem
1236 3897 1315 3968 303
1333 3896 1440 3950 concilii
1461 3894 1561 3949 Nicmni
1581 3894 1749 3959 curarimus3
1764 3901 1794 3948 ut
1813 3894 1859 3964 pia

1067 3988 1160 4059 religio
1173 3999 1215 4044 tna
1227 3997 1372 4059 cognoseat
1393 4002 1452 4042 cum
1463 3996 1562 4056 noranta
1576 3968 1781 4056 scrupulositate
1793 4000 1861 4041 con·

1067 4081 1166 4149 scripta
1178 4087 1234 4146 est;
1248 4089 1275 4134 et
1288 4089 1416 4149 quantum
1432 4088 1534 4143 rer-rent,
1548 4077 1593 4146 qui
1604 4088 1677 4132 extra
1693 4091 1752 4131 earn
1765 4077 1861 4132 solunt

1067 4172 1168 4246 aliquid
1183 4174 1308 4229 edocere.
1324 4171 1474 4241 Cognosce,
1495 4169 1549 4224 beo
1565 4168 1686 4224 curabilis
1699 4169 1860 4238 imperaror,

1067 4266 1194 4336 qrrouinm
1210 4265 1267 4319 bruc
1281 4262 1389 4334 quidem
1410 4262 1571 4332 praedicatur
1588 4260 1726 4324 aesculo,
1747 4258 1862 4313 ethroe

1068 4359 1182 4430 prolcssi
1193 4365 1256 4411 suut
1272 4356 1363 4411 Patres
1375 4354 1464 4410 Nicaea
1472 4353 1672 4408 cnrrrenientcs.
1688 4352 1716 4406 lu
1731 4350 1862 4421 lracouo·

1069 4466 1121 4521 que
1135 4448 1186 4505 lide
1199 4445 1362 4504 concordant
1382 4460 1477 4501 omnes
1493 4444 1622 4501 Eccleiae
1637 4443 1662 4497 iu
1680 4441 1809 4510 llis-panis
1831 4450 1862 4496 et

221 4533 317 4590 elesias
336 4534 378 4589 eis
390 4532 542 4590 reddendas
562 4550 626 4591 ese
640 4534 779 4614 proiessus
798 4538 896 4606 estqui
912 4535 1018 4603 esposi-
1031 4543 1058 4603 1)
1071 4540 1217 4604 britannia,
1240 4552 1290 4593 uec
1310 4552 1363 4593 nen
1382 4536 1407 4591 in
1423 4532 1526 4603 Galliis,
1546 4533 1627 4605 italiis
1641 4544 1667 4588 ct
1682 4548 1708 4586 nr
1721 4531 1863 4586 dalmatiis

223 4640 276 4681 ram
289 4627 317 4682 in
332 4624 422 4681 Nicaea
435 4627 514 4682 lidcm
532 4627 724 4684 invielabiliter
742 4627 1015 4696 serrare·uut.,Scri·

222 4720 274 4789 psit
288 4719 368 4774 ctiam
380 4718 541 4785 Athanasio,
554 4723 599 4790 qui
615 4721 767 4791 praecipuus
776 4717 834 4775 erat
846 4720 940 4774 horum
949 4720 1015 4790 dog·

222 4823 323 4867 rnatum
352 4821 551 4882 propugnator:
578 4821 669 4881 petens
690 4822 718 4865 ut
732 4813 757 4867 ei
780 4813 940 4867 rescriberet
953 4826 1015 4879 per·

226 4899 324 4954 l'cctanr
339 4901 494 4954 divinorum
515 4888 672 4969 dogmatum
687 4881 871 4968 disciplinam.
885 4896 938 4965 Qui
953 4898 1025 4979 sle·-

225 4992 385 5065 querttiores
396 4990 541 5062 episcopos
549 5003 718 5061 congregans
730 4989 873 5059 rescripsit
888 5006 895 5043 :
913 5004 1013 5059 rogans

226 5094 257 5140 ut
268 5083 349 5140 lldem
359 5082 456 5139 Nicaeae
470 5082 621 5153 expositam
632 5080 794 5143 custodiret,
805 5089 1014 5151 tanqnarnapo·

225 5175 330 5231 stolicis
354 5174 529 5246 dogmatibus
544 5183 751 5244 congruentem.
781 5172 866 5242 Cujus
890 5172 1013 5242 epistolae

225 5268 308 5322 rerba
339 5274 407 5322 sunt
433 5269 498 5321 lime.
526 5265 803 5328 lutomericensis.
832 5278 870 5329 tr,
903 5280 962 5331 cop.
983 5264 1012 5330 Ξ,

224 5376 252 5429 p.
275 5358 336 5415 tsi.
538 5424 555 5433 .,

260 5453 387 5508 Pilssirnu
400 5466 481 5522 atquc
503 5451 719 5508 ciententissitne
738 5448 842 5504 Victori
857 5489 866 5515 ,
881 5453 1014 5523 Atrgustu,

226 5544 516 5602 lovianoarbarrasios
527 5554 555 5599 et
570 5544 668 5613 rclirpui
683 5543 816 5612 episcopi,
828 5537 970 5597 serricn'tes
981 5559 1013 5596 er·

224 5634 1015 5708 personaorrrninmepiscoporomAEgppriururu,litetur-

226 5732 268 5785 dis
287 5730 429 5802 ethibya.

261 5818 344 5873 [lecet
361 5819 416 5874 neo
430 5812 577 5876 arruabilrnr
595 5819 748 5892 principem
764 5819 889 5876 discendi
912 5817 1014 5873 habere

1069 4632 1236 4695 constitutae,
1252 4631 1278 4684 in
1298 4629 1392 4700 lipsia,
1408 4626 1615 4694 ciliarcham,
1630 4625 1796 4680 erunirersa
1817 4625 1861 4677 si-

1072 4721 1125 4779 nrul
1139 4720 1266 4784 llettarta;
1284 4721 1428 4775 sedetiam
1445 4719 1470 4771 iu
1494 4719 1618 4773 nrrirersa
1645 4716 1744 4779 Airica,
1765 4713 1864 4768 Sardi·

1068 4813 1122 4884 nia,
1138 4800 1238 4885 Cypro,
1255 4811 1343 4872 Creta,
1368 4811 1533 4882 Pamphylia,
1556 4809 1645 4883 Lycia,
1669 4807 1779 4872 isauria,
1794 4816 1821 4861 et
1834 4808 1865 4861 in

1069 4906 1141 4960 omni
1159 4902 1285 4974 AEgyptu,
1297 4914 1324 4956 ct
1337 4900 1430 4970 Libya,
1445 4899 1541 4965 Ponto,
1558 4912 1586 4955 et
1596 4882 1762 4969 Cappadocia
1777 4898 1865 4967 parti-

1069 4996 1173 5064 busque
1191 4993 1297 5061 ricinis,
1313 5001 1340 5048 et
1358 4992 1508 5047 Orientales
1530 4990 1668 5056 Ecclesiae,
1685 4998 1784 5055 prater
1797 5003 1866 5057 prara-

1070 5103 1117 5142 cos
1132 5087 1187 5141 Arii
1208 5096 1364 5141 sectatores.
1387 5083 1510 5137 llrnniuru
1528 5097 1642 5151 uanique
1671 5080 1864 5149 praedictorum

1071 5177 1232 5232 sententiam
1247 5175 1435 5245 esperimcnto
1450 5174 1638 5242 cognorimus,
1654 5178 1681 5226 et
1695 5171 1799 5237 litteras
1815 5171 1866 5225 lra-

1070 5269 1175 5334 benrns,
1197 5282 1297 5334 eosque
1318 5265 1451 5330 norimus,
1474 5264 1528 5319 lico
1550 5263 1672 5318 attrabihs
1695 5262 1865 5330 imperatur:

1069 5359 1129 5431 quia
1145 5374 1205 5413 cum
1223 5359 1297 5426 pauci
1312 5358 1419 5426 ‹prirlam
1434 5357 1494 5410 huie
1506 5357 1567 5409 lirici
1581 5352 1777 5414 contradicam,
1791 5366 1867 5422 praa-

1067 5446 1298 5522 judicirrm'lacere
1314 5465 1367 5503 nnn
1382 5448 1549 5517 poteruntiu
1565 5440 1620 5503 tcto
1640 5444 1705 5498 urhe
1716 5452 1861 5497 terrarnrn.

1070 5520 1151 5597 hlulio
1166 5542 1237 5597 enirn
1252 5550 1373 5607 tempore
1384 5540 1417 5593 ah
1439 5536 1536 5591 haeresi
1552 5535 1650 5590 Ariana
1664 5532 1771 5603 pulsati,
1793 5547 1866 5585 nnnc

1072 5638 1152 5687 ctiam
1177 5632 1268 5703 pietati
1286 5629 1459 5686 contentione
1480 5626 1596 5681 maxima
1617 5625 1812 5683 contradicunt.
1829 5621 1869 5679 tn

1075 5736 1141 5780 sero
1161 5723 1220 5779 bae
1240 5724 1325 5794 piatus
1349 5731 1394 5774 tua
1418 5725 1574 5789 eognoscat,
1592 5715 1748 5772 licetscisr.
1774 5726 1867 5767 rarncrr

1077 5815 1225 5871 studuimus
1238 5815 1317 5870 lidern
1333 5810 1441 5868 nirano
1459 5806 1574 5865 eurrcilio
1595 5806 1742 5877 profess-nu
1759 5812 1791 5861 alr
1806 5809 1872 5873 epi·
