4059 6184
138 295 187 353 tit
815 284 1078 352 tsuheebltsrts.
1719 291 1771 349 tas

115 406 217 487 ‚dicis
235 406 338 468 curia:
351 405 438 486 qnod
453 412 488 468 tn
504 406 572 488 ipsc
583 407 625 469 in
635 405 774 470 Cociilrc
790 406 1097 487 rereprutcndcbas.
1111 406 1153 469 tt
1165 405 1289 490 quondo
1307 407 1371 472 aiio
1388 407 1470 469 licus
1485 412 1513 470 te
1528 414 1634 485 cosot,
1646 426 1770 492 sequere

132 507 232 585 modo,
246 525 284 569 ac
297 506 365 568 rice
379 523 475 589 regno
488 551 498 584 ,
513 507 583 570 cies
599 507 681 582 tuis,
700 508 769 589 eice
791 505 947 571 omnibus.
961 508 1145 586 Hactenus,
1173 518 1209 572 ut
1232 510 1301 595 iiic,
1322 508 1444 573 ornasti
1460 510 1666 574 conscientia
1686 511 1770 573 inie-

132 610 244 690 gritatc
261 605 380 686 palatia
396 605 498 689 (i'or.¹
509 605 565 671 tto.
591 624 629 667 ιιι
644 652 652 679 ,
678 607 772 688 epist.
787 605 839 685 28)
858 626 866 669 s
880 625 967 670 nnnc
973 609 1112 690 justitie
1126 609 1300 675 tribunalia
1313 612 1394 690 eqni
1396 609 1471 671 tatis
1485 618 1546 671 tnoe
1561 610 1628 675 loce
1640 611 1771 673 illustro

133 720 158 770 et
170 725 321 790 repnrpc.
337 704 432 783 (leod
444 716 596 789 superest,
613 707 755 772 ordinem
768 715 930 787 nostrum,
945 714 1231 791 concrepationem,
1247 711 1386 792 inquom,
1401 720 1562 787 nostram,
1577 718 1614 774 ut
1629 713 1723 792 soles,
1736 722 1773 776 stt

133 810 222 871 toties
235 807 459 889 probavimus,
482 825 585 871 amors
597 828 634 869 oe
652 808 757 888 [oum
769 827 874 888 perpe.
887 809 1023 890 iiieipss
1039 809 1259 887 Cassiodorus,
1275 812 1331 891 qni
1348 810 1407 873 tihi
1421 810 1516 891 buius
1527 812 1606 889 secti
1619 819 1733 874 auctor
1744 820 1774 873 et

132 908 322 988 canapium,
336 908 417 971 idern
425 926 538 989 perme
551 908 585 971 in
605 909 763 989 intsqrnm
789 912 956 973 restitntttt
981 909 1039 973 sub
1055 910 1148 991 auspi
1151 911 1209 973 ciis
1220 912 1299 989 tuis,
1309 913 1359 973 cir
1374 910 1598 988 illustrissime,
1613 913 1674 976 crit
1688 913 1775 994 groti

132 1009 227 1073 enimi
241 1027 317 1092 erqo
330 1016 360 1072 tc
372 1009 478 1072 nostri
486 1017 673 1091 perpetuum
688 1019 932 1075 monumentum.
946 1010 965 1071 1
970 1019 1002 1072 tc
1016 1028 1095 1085 mco,
1110 1011 1157 1072 ita
1172 1011 1310 1073 omnium
1327 1020 1472 1074 nostrum
1487 1012 1614 1075 nominc
1627 1031 1735 1078 cosso.

776 1111 847 1174 Tibi
863 1111 1101 1175 addictissimus
1115 1117 1146 1174 ct
1160 1111 1471 1191 obsequentissimus
1488 1131 1613 1177 servus.

592 1215 651 1278 Fa.
664 1217 805 1279 loannes
820 1217 1005 1292 Gunartns,
1020 1216 1281 1297 congregationis
1295 1216 1403 1279 Sancti
1421 1216 1526 1279 Mauri
1542 1217 1735 1283 monachus.

702 1313 854 1388 Rotironmqi
865 1333 880 1372 e
892 1316 1046 1370 morrcsterio
1060 1314 1153 1370 Sancti
1168 1314 1294 1380 Andoeni,
1308 1314 1359 1369 cci.
1374 1312 1487 1369 donner.
1498 1332 1541 1369 cn.
1555 1314 1634 1372 lite.

522 1610 524 1615 .
827 1504 1087 1583 pensante

504 1618 543 1681 ΙΝ
564 1618 709 1683 novati
730 1621 967 1686 cassloboul
984 1620 1149 1683 orbabat
1170 1620 1408 1685 Ebtttoltbtt.

163 1811 257 1868 habes
273 1811 329 1875 hic,
344 1810 477 1868 benevole
489 1811 586 1876 lector,
603 1827 716 1885 operum
730 1814 852 1870 omnium
869 1814 928 1871 lla-
944 1822 967 1878 Α
983 1813 1200 1872 emendavimus.
1224 1812 1332 1869 Auxilio
1350 1812 1521 1885 potissimum
1536 1813 1613 1873 luere
1631 1820 1782 1891 manuscri-

133 1884 173 1955 gni
192 1882 302 1938 Aurelii
315 1880 472 1939 cassiodori
486 1881 627 1939 Senatoris
645 1899 744 1940 nevam
762 1884 929 1953 editionem,
984 1895 1047 1957 ptus
1061 1883 1148 1941 codex
1161 1884 1190 1939 S.
1204 1883 1338 1947 Audneni,
1354 1884 1401 1940 sed
1412 1884 1440 1939 in
1454 1900 1509 1955 quo
1523 1884 1711 1944 desiderantur
1720 1890 1782 1949 libri

133 1952 332 2028 qumquidem
350 1950 415 2007 dum
428 1952 610 2022 aggredimur,
630 1969 698 2010 treva
711 1970 761 2011 cur
779 1954 899 2027 dicatur,
914 1972 930 2012 a
985 1972 1012 2020 v,
1033 1970 1060 2010 ιι
1080 1962 1108 2010 ιι
1126 1969 1173 2022 vn,
1195 1962 1224 2010 et
1236 1952 1430 2022 antiquissima
1442 1955 1606 2011 membranae
1619 1956 1648 2013 S.
1666 1952 1781 2031 Remigii

133 2024 209 2083 nobis
219 2037 337 2078 necesse
349 2030 393 2077 est
405 2024 500 2092 paucis
511 2022 635 2079 edisseri.
652 2024 683 2078 qs
695 2023 789 2080 blullus
802 2034 867 2083 ente
880 2040 931 2082 nos
985 2024 1162 2087 Rbememtn:
1177 2023 1205 2079 in
1218 2022 1316 2094 quibus
1330 2032 1420 2086 tamen
1434 2032 1533 2094 praeter
1546 2035 1663 2095 quatuor
1672 2030 1780 2098 priores

134 2093 253 2164 snguine
278 2092 448 2148 celeberrimi
475 2093 616 2163 scriptoris
646 2094 848 2152 lucubrationes
871 2111 931 2168 qne
985 2095 1080 2164 libros,
1097 2094 1188 2150 ceteri
1204 2094 1311 2149 desum.
1326 2092 1475 2149 Habuimus
1489 2094 1570 2150 etiam
1585 2111 1602 2152 e
1616 2097 1782 2161 bibliotheca

136 2166 271 2222 lactem
290 2162 405 2233 reperiri
420 2171 576 2232 putuerunt,
602 2165 630 2220 in
644 2179 727 2221 unum
739 2180 841 2236 cerpus
854 2168 932 2223 rede-
985 2170 1079 2221 nostra
1093 2164 1190 2220 borum
1213 2162 1341 2221 librorum
1354 2164 1502 2219 editionem
1521 2164 1717 2235 aliariangelo
1729 2170 1783 2228 Ae·

151 2244 220 2299 erat,
236 2248 306 2305 quas
316 2232 471 2316 perquisitis
490 2248 669 2290 summanum
682 2234 933 2305 diligentiacodiei-
985 2237 1075 2291 curtio
1086 2249 1158 2297 anno
1173 2232 1244 2288 1535
1253 2233 1414 2303 evulgatam,
1430 2248 1512 2303 qnam
1522 2235 1565 2290 vir
1577 2236 1742 2314 clarissimus
1755 2249 1785 2297 et

199 2302 416 2372 manuscriptts,
439 2310 467 2359 et
489 2304 618 2362 reseratis
640 2305 807 2362 eruditorum
828 2304 948 2363 scriniis
986 2305 1158 2362 doctissimus
1178 2301 1308 2359 Chadius
1324 2299 1465 2359 Gmlartns
1478 2306 1597 2375 supremi
1611 2306 1784 2367 burmannise

136 2376 184 2432 coll
224 2374 307 2428 'mna
320 2371 352 2427 2⁰
373 2371 470 2438 Plura,
490 2388 552 2445 qum
570 2374 794 2432 desiderabantur
813 2376 935 2432 ineditis
986 2383 1098 2431 senatus
1119 2374 1185 2429 olim
1206 2374 1335 2445 princeps
1352 2388 1415 2429 cum
1438 2374 1589 2445 exemplari
1612 2378 1784 2436 celeberrimi

135 2389 265 2517 (ιλιι
277 2458 313 2499 ex
323 2443 522 2514 antiquioribus
536 2446 727 2517 manuscriptis
741 2446 862 2517 probatae
872 2445 935 2503 litlel
987 2443 1094 2515 cujacii
1117 2443 1290 2515 biturigibus.
1305 2444 1467 2500 contuierat.
1490 2443 1593 2501 Verum
1614 2447 1692 2517 enjns
1710 2457 1784 2511 note

135 2515 323 2572 restituimus:
337 2514 456 2583 integras
471 2529 663 2585 nonnunquam
675 2516 789 2586 paginas
798 2514 933 2585 dedimus,
988 2514 1110 2573 fueritis
1127 2513 1231 2597 cujacii
1243 2511 1332 2569 codex
1345 2513 1466 2569 divinare
1480 2530 1535 2570 non
1553 2530 1707 2585 possumus,
1723 2534 1785 2577 eum

135 2584 226 2642 hiulca
237 2583 436 2655 supplevimus,
451 2586 580 2641 mendosa
595 2584 721 2657 loedeqne
735 2593 863 2658 corrupta
873 2587 935 2642 ubi·
989 2600 1024 2640 ca
1041 2594 1146 2640 tantum
1165 2596 1199 2653 tn
1213 2583 1274 2639 iibri
1289 2584 1374 2640 nostri
1389 2583 1479 2639 ironte
1494 2585 1677 2644 invenerimus
1690 2590 1785 2660 verba,

135 2669 185 2725 que
199 2671 318 2726 operum
333 2654 376 2710 rel
389 2655 593 2711 amanuensium
608 2656 775 2720 inscitia,rel
788 2657 856 2727 preti
869 2657 936 2713 vitio
988 2654 1108 2711 Gmiarti
1129 2669 1211 2711 mann
1227 2655 1268 2709 sic
1281 2662 1393 2713 exarata
1410 2671 1417 2707 :
1434 2651 1537 2710 Contuli
1551 2655 1721 2730 Bitnriqiius,
1736 2676 1786 2715 no·

135 2726 172 2782 sie
195 2722 425 2791 emendavimus,
449 2735 481 2781 ut
503 2724 660 2793 interdum,
685 2727 812 2797 neglecto
824 2740 936 2799 prorsus
951 2725 1031 2788 Bait
1045 2723 1199 2789 nonnose
1213 2721 1293 2791 iili,
1308 2740 1367 2779 cum
1379 2724 1522 2795 exemplari
1532 2725 1671 2783 clarissimi
1686 2730 1734 2785 siri
1747 2729 1783 2786 b.

134 2804 266 2852 contexta
281 2794 423 2866 impresso,
437 2795 503 2852 solis
517 2794 658 2852 codicibus
672 2797 772 2853 nostris
784 2798 934 2854 manuscri-
988 2795 1100 2868 cujacii.
1110 2795 1145 2849 tlt
1155 2795 1285 2865 quidquid
1299 2794 1407 2850 tandem
1419 2794 1500 2850 inerit
1511 2796 1786 2867 iiludCujaciiexem-

135 2867 186 2937 ptis
202 2866 344 2921 adherere
357 2880 499 2922 necessum
516 2866 608 2922 inerit.
626 2866 656 2921 ln
672 2874 731 2923 toto
747 2874 838 2924 tamen
851 2881 935 2939 opere
988 2866 1059 2938 piar,
1085 2864 1215 2936 plurimas
1238 2879 1304 2921 sane
1317 2872 1345 2921 et
1368 2866 1485 2934 optimas
1505 2874 1564 2921 tnm
1583 2869 1785 2938 castigationes,

136 2937 277 3007 margines
289 2935 461 2992 oneravimus
481 2935 596 2995 diversis
607 2938 765 3009 quibusdam
783 2938 900 2995 textibus
911 2937 933 3006 ',
988 2945 1047 2992 tum
1061 2936 1266 2992 observationes
1275 2934 1457 3005 suppeditavit
1470 2936 1549 2992 nobis
1571 2935 1690 2993 Graiarti
1707 2940 1786 3007 liber,

135 3010 178 3077 qni
195 3009 265 3062 licet
274 3005 360 3069 dubii,
371 3006 450 3076 probi
464 3007 570 3063 cerrseri
580 3016 693 3079 possent
706 3008 742 3063 ab
752 3020 831 3078 aquo
846 3007 935 3065 lecto·
990 3022 1059 3076 quas
1072 3006 1183 3077 quidem
1197 3008 1244 3075 qui
1264 3006 1377 3074 legerit,
1401 3015 1532 3075 quantum
1548 3007 1673 3064 editionis
1687 3019 1786 3066 nostra

135 3093 175 3133 re.
190 3077 288 3133 Tertio
307 3075 424 3146 denique
444 3093 514 3133 ncta
529 3077 629 3135 dicitnr
645 3092 765 3149 presens
784 3078 878 3143 editio,
892 3077 938 3136 etti
990 3085 1082 3132 textus
1095 3086 1124 3131 et
1135 3085 1214 3131 nous
1235 3075 1432 3131 illustraverint
1455 3073 1535 3133 lacile
1549 3076 1606 3159 ipsc
1629 3080 1786 3149 perspiciet.

137 3149 170 3205 de
181 3162 261 3205 noro
270 3147 394 3216 quaedam
409 3161 492 3217 opera
506 3163 644 3218 nunqnam
655 3149 727 3204 edita
742 3146 900 3218 adjecimus.
990 3145 1045 3203 Eas
1059 3162 1141 3217 porro
1156 3146 1404 3202 animadversiones
1416 3160 1449 3200 an
1462 3143 1566 3217 Cujaeit
1577 3149 1736 3220 exemplari,
1752 3166 1787 3207 an

171 3217 254 3286 Quod
268 3217 368 3271 attinet
381 3215 416 3271 ati
439 3218 569 3274 librorum
582 3233 631 3275 seu
646 3225 808 3274 tractatuum
826 3220 935 3287 scriem,
991 3215 1111 3272 Grniarti
1125 3217 1296 3286 potissimum
1310 3216 1418 3285 ingenio
1429 3224 1457 3272 et
1470 3217 1541 3273 curis
1554 3216 1713 3285 debeamus,
1725 3236 1787 3278 cum

189 3305 220 3345 m
240 3287 298 3353 bic,
317 3286 415 3352 lector,
433 3288 528 3355 vides,
552 3295 638 3344 tetum
652 3302 721 3360 opus
734 3287 895 3358 digessimus
909 3290 937 3344 in
992 3287 1071 3343 nobis
1093 3286 1224 3342 hactenus
1237 3301 1292 3341 non
1307 3286 1471 3355 constiterit,
1487 3289 1607 3358 singulas
1621 3290 1671 3346 snb
1686 3291 1787 3348 tetrius·

154 3367 321 3424 costumas,
336 3371 451 3426 qnorum
463 3358 566 3429 primm
577 3359 667 3415 omnia
677 3359 868 3429 complectitur
896 3373 939 3415 nse
992 3371 1045 3428 que
1064 3357 1174 3412 nomine
1196 3355 1253 3412 suis
1276 3357 1427 3428 quibusque
1451 3358 1519 3415 locis
1546 3361 1706 3416 atterendae
1727 3375 1789 3419 esse

137 3428 259 3485 betrator
274 3427 544 3498 nosterpelitieuset
557 3428 854 3498 historicusexararit3
871 3373 941 3485 a‘dter
992 3427 1155 3508 censuimus.
1170 3425 1254 3482 Nobis
1273 3425 1390 3495 denique
1410 3426 1543 3509 imprimis
1557 3428 1643 3484 adfuit
1663 3431 1789 3489 decussi·

138 3514 170 3554 ea
179 3499 307 3556 mutiret
318 3512 379 3568 quse
393 3506 490 3555 accim
502 3498 531 3554 in
542 3514 648 3555 sacram
657 3499 828 3570 Scripturam
842 3498 938 3566 edidit,
991 3511 1052 3553 mus
1065 3512 1107 3552 ιιι
1126 3495 1512 3568 Franciscnslnretus,en1ns
1526 3501 1684 3556 notationes
1702 3510 1732 3557 et
1745 3501 1789 3558 di·

137 3579 166 3625 et
187 3570 277 3625 libros
294 3567 330 3624 de
353 3566 510 3624 Divinarum
534 3577 564 3624 et
584 3570 764 3625 humanarum
788 3567 940 3626 litteramm
993 3582 1087 3623 versas
1107 3566 1141 3622 ad
1163 3566 1243 3623 iidem
1266 3565 1384 3638 plurium
1406 3568 1651 3638 manuscriptorum
1665 3570 1789 3628 codicum

138 3638 376 3706 institutionibus,
397 3653 430 3695 ac
443 3639 553 3696 tandem
566 3653 628 3696 eum
645 3654 726 3711 quem
740 3639 776 3695 de
795 3639 891 3695 Anima
905 3641 940 3696 li·
991 3637 1020 3694 ιιι
1032 3636 1173 3693 Variacum
1183 3638 1266 3693 libros
1275 3635 1417 3707 lectiones,
1430 3638 1513 3722 ipsius
1524 3636 1611 3694 iureti
1625 3652 1706 3695 mann
1719 3657 1788 3698 cen·

137 3710 215 3765 bnun
230 3708 381 3780 inscripsit.
679 3722 683 3729 ’
987 3708 1108 3780 'scriptas
1121 3707 1318 3764 humanissime
1330 3709 1480 3766 transmisit
1492 3709 1526 3763 atl
1540 3723 1592 3764 nos
1605 3709 1646 3764 vir
1659 3710 1787 3780 perillus·

171 3779 229 3837 Sed
253 3794 291 3836 nc
309 3779 439 3835 ιιιιοιιιιι
461 3780 637 3850 lateantque
652 3780 693 3836 sni
716 3778 786 3850 iuris
802 3779 860 3851 jam
879 3795 941 3837 esse
993 3780 1043 3836 tris
1064 3781 1095 3834 l).
1113 3777 1275 3835 Bouhierius
1298 3777 1327 3833 in
1353 3794 1481 3850 supremo
1505 3778 1669 3848 Burgundiae
1692 3791 1789 3839 senatu

138 3850 278 3916 volumus,
291 3848 327 3905 dc
339 3850 452 3920 singulis
464 3865 548 3921 panca
563 3850 767 3922 pmloquemur.
780 3846 976 3908 inchoamusC
992 3864 1093 3919 praeses
1108 3848 1246 3917 iniciatus,
1263 3855 1292 3905 et
1303 3846 1389 3906 iureti
1403 3851 1521 3920 scriptus
1532 3850 1627 3906 heres.

138 3921 173 3974 ab
296 3918 395 3990 insigni
421 3918 581 3985 inriorem,
603 3919 678 3990 qnod
694 3919 844 3977 duodecim
866 3922 942 3977 libris
1028 3920 1087 3975 lam
1099 3934 1165 3975 vero
1174 3933 1223 3975 eas
1235 3933 1331 3976 omnes
1345 3929 1481 3992 quotquot
1493 3920 1528 3977 ab
1538 3920 1653 3979 eruditis
1665 3920 1731 3978 viris
1744 3923 1790 3978 ha·

138 4006 154 4043 a
219 3991 304 4045 ritnr.
326 3989 475 4060 Congeries
497 3999 540 4046 est
553 3991 620 4045 rarii
633 3989 743 4060 generis
764 3991 941 4062 epistolarum
992 3990 1100 4046 bnimns
1114 3990 1141 4045 in
1156 3989 1207 4045 bos
1221 3990 1305 4046 libros
1318 3990 1522 4048 observationes
1541 3991 1568 4046 in
1584 3990 1637 4047 line
1659 3990 1791 4065 cujusque

158 4076 208 4117 aas
220 4061 276 4116 snb
295 4059 406 4132 regibus
427 4058 525 4117 Gothis
550 4059 744 4130 Theoderico,
764 4060 940 4131 htbalarieo,
992 4060 1114 4143 epistole
1133 4058 1331 4130 subjunximus,
1353 4069 1384 4116 ut
1397 4077 1452 4118 uno
1465 4061 1551 4117 velnti
1565 4070 1715 4133 conspectu
1729 4079 1789 4119 orn-

181 4131 342 4195 andabata,
367 4129 484 4199 Vttitige,
510 4139 538 4187 et
560 4144 656 4188 eorum
680 4131 792 4186 nomine
814 4131 942 4203 ireqnens
993 4144 1163 4187 macernerc
1176 4132 1263 4201 pessit
1276 4129 1504 4188 lectoreruditus.
1517 4131 1583 4188 lhle
1615 4147 1679 4188 cea
1690 4133 1789 4189 iterum

136 4200 293 4263 scribebam
305 4207 334 4256 et
343 4214 412 4270 quas
426 4202 494 4271 ipse,
508 4202 572 4256 tium
583 4215 697 4256 munere
711 4200 830 4273 preelecti
840 4210 941 4274 prete»
994 4201 1105 4267 ridebit,
1117 4213 1179 4270 quse
1197 4201 1255 4272 jam
1267 4202 1369 4272 publici
1383 4201 1453 4273 juris
1466 4200 1588 4257 lecerunt
1623 4204 1748 4259 emerius
1762 4213 1790 4259 et

137 4271 181 4327 rie
194 4271 248 4326 sub
269 4270 324 4326 illis
343 4270 450 4339 regibus
469 4271 638 4340 iungeretur,
652 4286 702 4326 sno
716 4270 827 4328 nomine
840 4271 942 4343 dirige·
993 4269 1148 4338 brossaens;
1163 4273 1276 4327 sednon
1287 4270 1546 4328 sineemendatiene
1559 4272 1658 4354 aliqua,
1669 4272 1704 4329 iis
1717 4275 1790 4329 enim

136 4339 197 4396 bat.
208 4340 250 4396 lbi
259 4341 342 4396 etiarn
354 4341 435 4396 varice
445 4341 580 4397 habentur
589 4341 711 4397 icrmulre
721 4341 880 4413 dignitatum
891 4341 942 4398 snb
994 4341 1168 4413 adiunximus
1189 4340 1276 4396 iureti
1301 4350 1381 4397 notas
1407 4342 1484 4397 varia
1510 4342 1663 4398 eruditione
1682 4343 1791 4414 conspi-

137 4411 188 4466 illa
202 4409 357 4465 Gotttorum
372 4411 530 4468 monarchia
542 4412 786 4468 conscientiarum.
802 4410 861 4468 lioc
873 4414 942 4469 scri·
994 4426 1070 4479 enas,
1083 4412 1182 4479 quihus
1188 4412 1329 4467 senatoris
1344 4412 1430 4467 nostri
1443 4412 1524 4467 verba
1535 4422 1564 4468 et
1577 4412 1726 4468 sententias
1733 4429 1789 4470 non

137 4480 222 4535 ιιιιιιι
234 4494 338 4550 genere
352 4480 450 4536 lamam
460 4482 511 4537 sibi
525 4481 680 4537 enuntiavit
691 4482 763 4554 apud
775 4497 872 4539 ornnes
885 4481 942 4538 bn·
995 4490 1100 4537 tantum
1122 4483 1261 4551 illustrat,
1277 4481 1324 4537 sed
1338 4482 1454 4551 castigat
1473 4482 1555 4537 etiam
1575 4482 1649 4554 ipsas
1667 4481 1791 4540 Fomerii

134 4551 226 4609 relicte
240 4559 351 4617 noster;
376 4550 441 4607 licet
453 4560 602 4622 querantur
623 4553 745 4608 nonnulli
760 4553 823 4626 styli
845 4552 942 4609 barba-
995 4551 1252 4621 animadversiones,
1277 4550 1422 4622 pluresque
1436 4551 1470 4607 ab
1490 4566 1524 4607 eo
1538 4566 1599 4609 cum
1617 4551 1791 4621 iurisconsui·

136 4625 213 4676 mem
233 4635 327 4676 ret-mn
352 4621 511 4692 dignitatem
540 4632 569 4677 et
589 4622 656 4692 regii
676 4623 794 4681 notitinis
812 4625 941 4693 malesta-
995 4630 1096 4689 torum,
1113 4630 1170 4678 tum
1185 4622 1300 4678 aliomm
1312 4632 1453 4679 auctorum
1466 4622 1565 4679 vitiose
1583 4623 1680 4680 allatas
1699 4633 1791 4681 aucto·

137 4699 198 4747 ιιιιι
215 4705 271 4747 noa
283 4694 403 4764 assequi.
417 4691 579 4749 Reclamant
591 4692 645 4758 alii,
661 4708 713 4749 nec
725 4694 860 4763 denegant
873 4692 941 4749 Cas·
993 4695 1090 4749 ritates
1103 4693 1147 4750 vel
1162 4693 1284 4761 corrigit,
1297 4693 1341 4749 vel
1354 4693 1484 4749 restituit.

136 4762 255 4817 nodoso
278 4776 345 4817 snos
362 4762 499 4818 scribendi
526 4763 648 4834 lepores3
675 4778 764 4834 neque
781 4763 942 4819 diiiitebitur
1030 4760 1144 4831 Quidam
1155 4763 1227 4818 maie
1240 4763 1328 4820 leriati
1342 4763 1376 4819 ad
1389 4764 1510 4833 singulas
1523 4764 1791 4836 Cassiodoriepiste·

137 4832 184 4887 rel
207 4832 268 4903 ipse
285 4831 393 4903 rigidm
411 4833 577 4890 aristarchus
592 4833 687 4889 nullibi
707 4834 821 4904 reperiri
837 4842 942 4890 tantum
993 4833 1036 4889 las
1046 4834 1192 4889 summaria
1202 4849 1252 4891 seu
1264 4850 1395 4908 synopses
1416 4835 1583 4906 praemisere,
1598 4834 1646 4891 sed
1660 4842 1716 4889 tam
1731 4837 1789 4906 pin-

136 4901 247 4972 ingenii
258 4917 385 4967 acumen,
401 4911 443 4959 tot
458 4904 580 4974 pondera
597 4904 743 4969 ratianum,
760 4912 862 4960 tantam
877 4919 941 4959 sen·
994 4906 1039 4973 gui
1054 4903 1174 4960 llincrva
1197 4913 1226 4960 et
1280 4903 1429 4962 riunetorie
1454 4914 1563 4969 conatu,
1580 4914 1610 4961 nt
1631 4905 1723 4975 plures
1735 4905 1791 4961 sint

136 4972 291 5028 tertiarum
302 4974 474 5043 gravitatem,
493 4982 549 5029 tam
564 4974 739 5045 multiplicem
753 4975 835 5029 sarim
848 4974 940 5029 emdi·
955 4947 981 5008 ⁰
994 4975 1041 5044 qni
1056 4976 1201 5046 opinentur
1223 4975 1242 5031 il
1253 4991 1284 5031 ns
1296 4977 1341 5031 vel
1361 4991 1408 5033 eas
1422 4991 1476 5031 non
1503 4975 1608 5044 legisse,
1624 4974 1666 5030 vel
1679 4989 1789 5031 sensum

136 5042 227 5098 tionis
239 5041 359 5113 copiam,
380 5058 413 5100 ac
429 5043 635 5100 reiectissimum
648 5045 788 5115 utriusque
802 5044 941 5115 nstantia
995 5059 1088 5101 earum
1104 5053 1242 5102 assecutos
1257 5061 1310 5101 non
1331 5062 1401 5102 esse.
1417 5046 1503 5101 Nobis
1515 5046 1642 5100 intentior
1652 5060 1716 5100 cura
1727 5043 1789 5110 luit,

133 5126 231 5238 tenu,
246 5128 331 5182 quam
347 5114 419 5184 apud
438 5115 618 5170 clarissimum
633 5113 793 5170 senatorem
806 5124 939 5172 nestrum.
996 5122 1027 5170 nt
1041 5116 1129 5172 mistus
1152 5117 1340 5183 aberraremus
1362 5131 1377 5170 a
1401 5116 1590 5187 suspenditis
1616 5115 1790 5171 lemmatibus

176 5183 257 5238 enirn
278 5183 414 5239 licctesrn
426 5200 482 5241 nen
494 5184 622 5242 exhibeat
642 5185 704 5257 styli
722 5193 894 5240 venustatem
913 5193 942 5242 ct
996 5186 1066 5251 aliis,
1077 5201 1138 5256 que.
1157 5187 1289 5243 lectorum
1304 5201 1425 5241 censtrrre
1439 5187 1554 5240 libenter
1567 5184 1735 5252 subiieimns.

132 5253 319 5323 negatam,
333 5268 394 5325 quse
405 5269 467 5310 cnm
487 5255 593 5325 imperii
608 5254 722 5311 nonant
740 5254 884 5325 maiestate
898 5257 940 5311 vi·
1032 5256 1071 5312 Ne
1085 5255 1151 5328 qnid
1163 5257 1271 5313 deesset
1283 5255 1344 5312 huic
1353 5255 1465 5311 editioni
1478 5254 1630 5319 Variacum,
1646 5268 1707 5329 quae
1719 5253 1790 5310 diffl-

131 5323 227 5393 geisae
244 5324 297 5379 suh
311 5322 445 5393 sugam,
470 5340 504 5382 ea
524 5334 617 5381 tamen
630 5326 716 5409 pollet
729 5326 756 5382 in
774 5334 855 5382 telate
868 5327 939 5395 rudi,
993 5326 1066 5395 cilia,
1081 5326 1259 5395 subobscura,
1271 5340 1321 5383 nec
1334 5327 1460 5396 cuiqnam
1474 5324 1552 5380 lncile
1570 5325 1663 5394 pervia
1682 5332 1790 5396 putavi-

131 5402 166 5449 οι
182 5394 241 5449 sub
253 5395 364 5465 regibus
377 5396 510 5458 barbaris,
526 5411 608 5468 qaam
628 5411 691 5468 ture
709 5396 835 5464 mireris,
855 5405 883 5452 et
896 5399 941 5453 cni
994 5412 1066 5463 mus,
1076 5412 1110 5453 ex
1130 5395 1222 5452 lauare
1235 5397 1313 5453 nobis
1325 5411 1397 5452 curse
1410 5394 1470 5451 luit.
1484 5394 1649 5451 Exhibcmns
1663 5395 1728 5451 item
1743 5411 1791 5450 nn

130 5465 268 5519 marnis
281 5472 354 5521 nntae
369 5466 421 5521 scri
442 5475 516 5524 tores
530 5468 628 5523 merite
642 5465 833 5537 suffragantur.
994 5467 1082 5521 titiam
1106 5412 1275 5536 dignitatum,
1291 5467 1425 5532 locorum,
1439 5465 1588 5530 ilnminum,
1602 5474 1632 5521 et
1657 5465 1685 5523 id
1704 5480 1791 5537 genus

169 5481 555 5603 Qumhommbhsornm
570 5537 714 5607 editiones,
725 5546 860 5609 quotquot
870 5538 942 5594 nacti
994 5537 1122 5613 plurium,
1153 5551 1194 5592 nce
1208 5546 1303 5592 amatu
1316 5536 1473 5618 dignissima
1483 5551 1517 5593 eo
1532 5536 1559 5592 in
1573 5551 1657 5607 opere
1669 5536 1792 5618 'inveniri

131 5618 250 5683 sanat,
266 5607 458 5677 percurrimus,
470 5622 573 5680 easque
585 5622 679 5664 omnes
690 5622 752 5663 cnm
762 5606 883 5680 pluribus
892 5623 943 5664 va·
994 5616 1119 5731 pessunt.
1167 5622 1241 5663 erum
1267 5604 1474 5664 ncnimtaieret
1487 5606 1793 5678 balnerolumrmsmc·
1850 5614 1857 5621 '

132 5687 189 5730 ne
215 5676 366 5732 nectutis
384 5676 522 5735 codicibus
540 5686 569 5734 st
590 5678 774 5746 contulimus,
801 5685 829 5734 et
852 5692 886 5734 ex
909 5679 943 5734 iis
1005 5692 1046 5745 es,
1060 5678 1205 5751 separatim
1229 5688 1321 5735 curret
1347 5676 1483 5735 anellum
1501 5680 1554 5736 boc
1572 5691 1640 5748 opus
1655 5686 1793 5747 neruum,

129 5768 146 5793 ·
155 5766 296 5820 inientes
305 5767 359 5820 ilias
369 5770 489 5822 laniones
500 5772 552 5835 ipso
561 5770 922 5837 textuladjunetasuncinisqtte
933 5771 1061 5826 enuncias
1070 5772 1144 5822 inhac
1155 5780 1238 5824 tresue
1250 5772 1371 5835 editione,
1380 5769 1459 5825 lector
1471 5768 1604 5828 benevole,
1612 5769 1733 5841 reperies
1743 5767 1797 5828 ιιι,

268 5854 409 5917 Parnon.
432 5856 549 5920 lxix.
1555 5854 1594 5918 tt
1697 5890 1700 5895 ·
