4059 6184
231 313 287 370 tot
822 303 937 362 omitti
958 303 1012 360 Pi’.
1032 299 1276 361 consiliolum
1816 292 1864 344 tot

229 430 342 497 crimme
356 426 539 486 aaronita
552 426 725 483 &mationem
737 431 819 495 atone
831 421 1024 480 conscientiam
1039 426 1061 482 A
1074 419 1123 476 sed
1146 419 1315 489 objectorum
1338 414 1423 483 magis
1446 412 1589 482 negatione
1611 418 1757 483 purgatus,
1782 408 1817 463 ira
1840 418 1865 465 rt

230 525 311 580 luisse
326 531 470 594 repertam,
493 528 523 576 ot
538 519 592 576 illic
606 519 708 588 omnia,
724 534 777 575 non
792 518 879 574 solum
894 514 1024 571 adversa·
1076 520 1155 567 aratra
1179 510 1296 566 sensisse
1310 506 1536 578 quemadmodum
1554 504 1655 558 seritire
1678 500 1816 572 prolcssus
1827 510 1867 556 est

230 618 279 674 riis
291 632 346 673 noo
363 613 553 686 probantibus,
577 620 624 667 aut
643 611 694 667 iba
714 611 842 682 episcopo
862 609 1024 678 denegante,
1076 603 1241 661 creicretor.
1255 598 1417 657 sicutenim
1431 596 1494 651 lacti
1512 595 1647 650 confessio
1667 600 1813 648 nocentem
1828 590 1868 644 rei

231 722 323 766 rerum
347 706 428 763 etiarn
453 705 618 771 damnante,
642 702 741 758 irreriot
763 699 922 772 improbata.
949 696 1027 754 Unde
1078 692 1285 765 inpraeteritom
1300 689 1389 746 irreere
1407 686 1504 760 pmtdt,
1521 686 1558 740 ita
1574 700 1627 738 raon
1642 683 1765 738 coudma
1788 695 1867 748 aega·

231 806 339 856 constat
352 795 493 867 epistolam
506 794 540 849 nd
553 792 647 849 ilarirn
658 791 827 849 Perenneiila
841 805 901 860 qaam
915 803 1028 845 accusa·
1079 787 1117 842 tio
1131 783 1247 841 reddidit
1258 784 1339 839 etiam
1352 781 1385 837 de
1400 779 1541 851 praeteritis
1555 776 1737 831 innocentem.
1753 774 1801 829 Cui
1817 784 1868 826 re·

233 898 307 945 tores
320 865 477 956 obiecerant
490 884 603 940 criutina
617 883 799 940 continentem
815 897 868 937 narn
883 882 969 937 solum
980 878 1030 935 Pa·
1079 875 1192 947 gatiani,
1207 890 1256 945 per
1269 888 1352 943 quam
1364 871 1425 926 ibas
1443 869 1591 939 episcopus
1605 865 1747 935 epistolam
1767 862 1801 916 ad
1816 861 1870 916 lia-

234 987 306 1035 trum
319 979 347 1034 iu
367 975 537 1034 Chalcedona
560 974 733 1031 residentium
746 974 854 1045 judicio,
879 973 927 1028 sed
945 972 1030 1042 ipsius
1080 973 1131 1027 rim
1146 970 1254 1025 Persam
1270 965 1421 1023 ostenditur
1431 963 1575 1024 relatasse,
1589 957 1713 1015 Erinomii
1734 964 1816 1026 atque
1827 953 1871 1009 lo·

234 1072 288 1128 ibe
298 1070 442 1134 sententia,
457 1069 527 1123 sieut
537 1064 625 1122 Photii
641 1074 722 1137 atque
732 1064 868 1123 testatori
880 1065 1029 1121 mrrstituto
1052 1060 1066 1071 ‘
1080 1052 1870 1130 uenaliscpiseopornminterlocutioeompeteoteraptatur.

234 1162 324 1220 edocti
341 1160 481 1216 memorati
494 1158 587 1213 Patres
600 1156 744 1221 aliirmant,
769 1155 850 1211 luisse
864 1155 1028 1210 damnatam.
1081 1152 1155 1221 Quas
1171 1147 1392 1206 interlocutiones
1410 1137 1873 1216 primituscousooare&ejurante

236 1251 343 1310 Eusebii
366 1265 474 1322 quoque
485 1249 613 1321 Ancyrae,
630 1248 760 1317 Strpbaui
775 1245 873 1317 Eprbcsi
885 1288 892 1311 ‚
905 1243 1032 1316 Diogenis
1082 1240 1285 1299 monstrandum
1299 1248 1350 1305 est,
1365 1237 1464 1293 deinde
1481 1233 1634 1290 docendum
1647 1229 1872 1303 quemadmodum

236 1344 338 1418 Cyzici,
354 1352 382 1407 et
394 1341 507 1396 iioauani
524 1339 657 1411 iiprorum
670 1337 766 1411 Lyciae,
782 1338 904 1409 utramuis
918 1338 1032 1394 dirersis
1083 1334 1227 1408 epistolam
1239 1331 1326 1388 abiba
1340 1337 1463 1399 negatam
1474 1341 1534 1384 esse
1548 1324 1788 1410 confirmenteum
1798 1321 1834 1376 ita
1846 1337 1875 1377 ac

236 1435 314 1497 iacis.
339 1449 393 1489 uno
408 1441 497 1487 tamen
520 1446 601 1486 sensu
621 1430 733 1502 prolatae
745 1430 888 1493 sententie
910 1430 1034 1501 superio·
1082 1430 1185 1487 babent
1196 1429 1264 1500 (Act.
1281 1424 1324 1496 lili
1340 1442 1348 1478 :
1363 1421 1496 1477 lamuelis
1509 1415 1731 1479 renoreotimimuc
1744 1415 1876 1485 episcmm

239 1542 297 1581 rom
306 1522 429 1594 judicum
447 1520 737 1577 decretaeuniinuant.
752 1518 819 1575 Nam
844 1519 889 1575 alii
902 1514 991 1575 Pbotii
1005 1527 1034 1575 et
1084 1518 1338 1590 llieroaolpmitnnuo
1353 1514 1440 1569 dicit:
1453 1510 1504 1575 oet
1515 1515 1707 1564 convertamur.
1723 1505 1769 1559 itm
1781 1504 1876 1575 scripta

238 1615 371 1671 Eustatbii
393 1612 516 1670 iaciendo
534 1612 646 1684 judicati
661 1613 829 1679 memoriam,
850 1612 895 1668 aiii
910 1629 945 1668 ex
958 1611 1035 1668 dam·
1085 1614 1174 1669 diuino
1187 1609 1284 1679 aaatipi
1300 1607 1403 1679 palent.
1420 1601 1583 1674 Qtooprapter
1604 1607 1630 1653 et
1648 1596 1681 1651 eb
1695 1596 1823 1653 haereticis
1836 1612 1876 1649 re-

238 1713 349 1769 rmtiouc
361 1709 477 1767 Nestorii
498 1706 611 1778 eiusqne
625 1703 735 1761 haeresis
748 1702 801 1759 ibae
815 1703 935 1774 episcopi
954 1703 1035 1759 inno·
1085 1710 1210 1758 amentor
1231 1699 1394 1785 ipseipimua.
1412 1693 1488 1751 [inde
1508 1701 1533 1747 et
1556 1689 1685 1762 preston
1705 1687 1878 1744 reterentixai·

238 1805 355 1861 centiam
370 1799 588 1871 comprobantes,
601 1795 744 1868 epistolam
757 1794 791 1849 ad
801 1792 896 1849 biarixn
909 1792 1032 1860 Persam,
1049 1805 1155 1865 Bmaeot
1173 1793 1246 1848 licor
1268 1791 1362 1846 mereri
1382 1788 1554 1849 renotatam,
1569 1785 1629 1856 quia
1642 1791 1760 1869 et‘oenea
1783 1788 1831 1845 est,
1854 1787 1879 1834 et

238 1907 298 1964 qim
312 1898 423 1947 excusat
435 1889 586 1945 Nestorium
604 1896 632 1943 et
646 1888 753 1942 beatum
766 1884 896 1956 Cpriiium
915 1884 1036 1957 appellat
1088 1898 1116 1941 ut
1126 1885 1218 1940 balam
1230 1884 1393 1955 episcopatus
1407 1879 1527 1953 pradum,
1545 1893 1601 1931 case
1611 1876 1776 1930 cartobram.
1792 1872 1879 1929 Emo-

241 1984 407 2053 nautaticum,
420 1982 541 2039 adibam
556 1981 713 2052 episcopam
728 1994 783 2034 non
796 1978 884 2036 solum
899 1993 953 2033 non
967 1985 1037 2033 atte-
1088 1983 1156 2036 mira
1169 1983 1305 2050 episcopua
1317 1973 1479 2031 Nicoreeda'ae
1498 1972 1586 2025 dicits
1600 1969 1661 2023 laert
1675 1968 1780 2040 putidam
1799 1984 1832 2022 ca
1843 1967 1880 2022 iris

242 2074 445 2144 animaremur
459 2072 539 2129 etiam
554 2072 588 2126 ab
598 2086 632 2125 eo
647 2068 802 2124 damnatam
817 2083 878 2124 esse
892 2074 1036 2124 testamur.
1088 2086 1145 2144 poe
1165 2069 1261 2124 relecto
1279 2074 1339 2122 aunt
1352 2064 1477 2120 innacius
1499 2063 1659 2133 approbatus
1679 2067 1718 2113 eat
1733 2057 1883 2113 uenerabilis

240 2167 359 2224 loannes
370 2167 512 2239 episcopor
521 2165 662 2233 soram,
673 2164 802 2221 Seleucus
811 2164 1040 2235 episcopusdma·
1090 2163 1163 2220 liae.
1177 2162 1211 2218 ta
1223 2160 1313 2235 proibeo
1327 2160 1422 2215 etenim
1436 2155 1545 2211 dicendo
1559 2153 1628 2208 maie
1646 2152 1753 2224 culpare
1765 2153 1833 2206 urar
1847 2160 1883 2204 rat

241 2258 298 2322 sim,
312 2257 507 2316 Cerastantinus
520 2258 664 2328 episcopus
677 2255 811 2321 lielitinac,
833 2253 965 2309 Patricius
979 2253 1040 2324 epi·
1089 2256 1265 2312 teatiasimaar
1289 2251 1422 2324 Cpriiianr,
1446 2250 1474 2303 in
1493 2246 1628 2315 postrenus
1649 2255 1719 2299 recte
1741 2244 1882 2315 conseram,

241 2335 342 2420 asopus
351 2347 515 2421 Tyanorum,
532 2345 628 2403 Pmrrtu
650 2346 794 2418 episcopus
808 2342 988 2415 Gangrorttm,
1011 2352 1041 2399 et
1091 2347 1139 2402 tito
1153 2360 1211 2417 quae
1224 2345 1372 2415 culpaverat
1386 2340 1517 2413 reiectat-it.
1543 2337 1619 2393 Unde
1632 2346 1657 2391 et
1669 2352 1717 2408 epo
1731 2337 1885 2389 anatliema·
1910 2368 1914 2377 .

242 2438 524 2509 Aminiosepiscopos
536 2435 730 2508 Trapezuntis,
754 2436 879 2493 similiter
891 2446 1040 2492 consenso·
1092 2438 1214 2493 dranum
1227 2450 1285 2490 eunt
1305 2430 1457 2488 Nestorium
1469 2416 1641 2501 etEutpedea
1655 2437 1680 2482 et
1698 2426 1779 2496 impin
1798 2440 1885 2481 eornm

243 2535 307 2585 runt
321 2528 358 2582 ita
373 2526 494 2583 moestos
516 2526 584 2599 (Act.
599 2526 645 2596 tot
659 2544 666 2580 ε
681 2525 804 2596 dedititia
819 2527 1042 2582 reuerentissimo·
1092 2529 1228 2601 dopmatn,
1248 2537 1273 2582 et
1287 2525 1487 2581 consentientem
1501 2522 1542 2576 iria
1561 2537 1620 2593 epure
1637 2520 1833 2574 noauctiaaimo
1843 2533 1887 2571 er·

243 2632 303 2673 nm
320 2618 499 2688 cpiscoporum
521 2618 609 2674 Pierii
630 2627 656 2673 et
680 2617 810 2674 bertaridi
824 2618 985 2674 demonstrat
1001 2620 1042 2673 in·
1093 2619 1258 2689 cbiepiacapo
1274 2616 1358 2673 Leonte
1380 2616 1477 2685 scripta
1500 2622 1559 2670 aum
1579 2611 1654 2667 etat
1676 2611 1729 2664 itae
1747 2609 1886 2665 uniuersali

244 2710 352 2765 naamon
379 2711 614 2766 reverentissimum
638 2709 724 2766 liram.
754 2710 881 2767 Similiter
905 2719 991 2767 autern
1017 2720 1044 2765 et
1092 2705 1402 2782 »prodemptorem
1423 2700 1888 2776 emacopotadererro.dnteaergo

245 2800 303 2872 ejus
316 2798 453 2873 arrepturo
464 2802 531 2872 facit
542 2817 589 2857 nor
599 2802 628 2856 iu
637 2818 669 2857 eo
680 2801 749 2874 part
759 2803 883 2874 receperit
897 2804 1042 2871 proniores.
1094 2799 1173 2855 nobis
1187 2795 1352 2868 inspicienda
1366 2804 1409 2851 est
1423 2794 1547 2850 Eunomil
1567 2792 1749 2860 imerlocmio,
1761 2792 1889 2863 nampio·

246 2890 523 2960 Quainterlocetione
535 2892 927 2950 memoratorumoaeerdotum
937 2891 1045 2949 miricas·
1095 2889 1222 2947 niaoibre
1236 2889 1355 2962 episcopi
1378 2887 1544 2943 intellectum
1565 2902 1698 2954 asserens,
1723 2888 1786 2957 auid
1811 2903 1844 2944 ex
1857 2902 1890 2944 ea

247 2992 291 3042 ter
303 2992 417 3058 apparet
428 2999 478 3057 par
491 2984 549 3042 lece
558 2983 612 3041 duo
625 2984 699 3042 ibam
713 2984 870 3056 episcopam
883 2982 918 3040 de
932 2983 975 3040 iris
984 2982 1046 3054 qui
1095 2980 1221 3038 rectiora
1235 2980 1380 3051 episcopus
1392 2977 1530 3034 luvenalis
1548 2979 1634 3035 sensit
1657 2981 1779 3051 exponit.
1795 2979 1891 3035 ilicone

246 3076 451 3133 bosaoeusatos
468 3083 511 3131 est
525 3075 664 3132 innoxium
678 3089 738 3132 este
750 3082 898 3146 repertam,
913 3072 939 3129 id
954 3080 996 3131 est
1010 3088 1045 3130 ex
1096 3074 1169 3130 enim
1180 3080 1214 3132 ιι
1224 3073 1265 3128 bis
1276 3087 1337 3143 que
1351 3071 1449 3127 relecta
1462 3078 1524 3126 sunit
1534 3068 1607 3126 ibam
1619 3071 1755 3128 banarxium
1767 3084 1892 3141 compro·

248 3165 406 3224 delinitione
420 3164 508 3222 Pbotii
524 3174 605 3237 atque
618 3165 750 3223 Eustatbii
765 3166 955 3238 episcoponnn
969 3173 1045 3222 etex
1059 3185 1083 3249 (χ
1096 3166 1200 3231 batum
1216 3162 1305 3219 Pbotii
1318 3171 1347 3219 et
1361 3160 1493 3218 Eustatlrii
1508 3160 1578 3217 sieut
1591 3160 1618 3217 et
1632 3163 1786 3234 superiores
1798 3161 1892 3220 Patres

246 3271 296 3314 oua
310 3257 499 3326 abnegatione.
522 3255 609 3313 Porro
622 3254 780 3313 definitione
803 3255 893 3313 Pbotii
907 3265 936 3314 et
948 3256 1046 3314 Eusta-
1095 3256 1256 3329 comprobat
1267 3255 1327 3311 sine
1339 3253 1514 3323 ambiguitate
1532 3252 1673 3325 indiciam,
1696 3263 1727 3311 ut
1748 3255 1790 3312 lais
1804 3254 1893 3312 serbis

249 3348 299 3405 tbii
312 3349 466 3405 declaratur
478 3347 541 3419 quia
555 3347 619 3404 iicet
632 3346 698 3403 lalse
708 3348 744 3403 ab
753 3346 955 3403 accuratioribus
965 3345 1048 3403 licerit
1098 3351 1179 3405 etiam
1200 3345 1437 3417 negationemibae
1461 3346 1582 3417 episcopi
1606 3354 1634 3404 et
1656 3362 1705 3419 pro
1729 3348 1824 3404 eodem
1846 3346 1891 3403 iba

250 3439 504 3512 impetitus,=tameo
518 3438 553 3494 ad
564 3437 775 3494 satisfactionem
786 3438 828 3494 vei
843 3438 910 3494 ialsc
921 3437 1049 3507 obiecto·
1098 3440 1299 3495 auesmtionem
1309 3436 1505 3495 Edessenoram
1520 3438 1641 3510 epistotae
1650 3437 1810 3494 clericorum
1822 3428 1903 3493 cone*

251 3548 310 3588 rum
323 3546 408 3604 prone
422 3532 543 3604 sapuerit
555 3546 589 3587 cx
602 3531 705 3602 scripto
715 3530 779 3603 quid
789 3531 824 3588 de
838 3539 911 3588 recta
924 3528 977 3587 doe
990 3540 1050 3587 sen·
1100 3530 1266 3601 preiicruleae
1280 3529 1412 3585 rideatur.
1425 3527 1477 3584 Pro
1488 3544 1541 3599 urta
1555 3537 1729 3600 regestorum
1742 3528 1812 3599 apud
1825 3528 1895 3602 Rbo-

249 3623 317 3679 serit
341 3619 477 3692 proiitcri,
503 3629 531 3678 et
553 3638 588 3678 ex
612 3621 760 3677 abundanti
782 3619 1049 3678 anathematizaverit
1100 3623 1166 3677 tium
1180 3630 1207 3677 ct
1222 3618 1390 3677 Earstatbium
1406 3620 1558 3676 babituram
1573 3621 1694 3676 ordinem
1707 3628 1895 3693 comp-tenter

251 3714 415 3783 Nestorium,
431 3723 459 3772 et
472 3716 573 3771 babere
586 3730 617 3770 se
630 3714 729 3770 dixerit
742 3715 833 3770 omnia
848 3731 908 3786 quae
922 3716 949 3771 in
961 3714 1051 3786 Epire·
1099 3714 1252 3781 attendens,
1261 3713 1363 3782 nequis
1374 3712 1400 3767 iri
1412 3712 1562 3783 aliquorum
1576 3714 1673 3770 areimis
1683 3714 1811 3770 adversus
1821 3704 1895 3771 lbani

251 3775 312 3861 sino
334 3807 423 3878 primo
449 3804 566 3861 concilio
592 3807 761 3876 placuerunt.
785 3805 888 3862 Deinde
905 3807 968 3876 quia
991 3796 1051 3876 eius
1100 3807 1256 3877 episcopum
1278 3820 1312 3861 ex
1337 3806 1388 3861 boo
1410 3806 1552 3877 scrupulos
1574 3815 1728 3863 remaneret
1750 3794 1832 3880 qrrod'
1845 3809 1897 3864 ali·

252 3913 360 3969 ortoque
375 3898 528 3966 abnegatio,
551 3913 600 3967 per
613 3912 695 3967 otram
709 3913 741 3955 se
759 3899 840 3955 edant
856 3899 1049 3957 in'Cltaleedo-
1100 3897 1208 3967 qrrando
1222 3906 1284 3951 ante
1298 3897 1445 3952 sarritionem
1461 3898 1540 3952 aliter
1551 3898 1704 3968 intelligens
1717 3899 1788 3956 beati
1802 3898 1896 3973 Cprilii

255 3987 333 4043 ncnsi
348 3987 463 4042 concilio
477 3997 537 4057 post
550 3987 694 4042 lectionem
710 3986 742 4042 ad
758 3987 851 4043 liarim
868 3987 977 4045 Persam
992 3992 1050 4061 epi·
1101 3988 1231 4044 doctrinm
1245 3988 1332 4042 inerat
1351 3989 1503 4051 oblocutus,
1531 3991 1684 4045 necessarie
1704 3998 1801 4060 purgat
1822 3991 1897 4061 quood

254 4075 340 4139 stote,
356 4089 416 4145 pram
430 4075 549 4144 eiusdem
560 4074 613 4131 ibe
633 4075 753 4146 episcopi
769 4080 945 4148 apertissimae
958 4089 986 4136 et
1000 4083 1051 4152 piae
1102 4088 1222 4135 conecto
1233 4078 1293 4133 ibas
1303 4078 1477 4148 intelligentia
1489 4095 1546 4140 saa.
1559 4080 1631 4135 beati
1642 4078 1734 4151 Cpriili
1743 4081 1898 4157 orthodoxa

255 4165 419 4223 corriessioui
434 4167 570 4222 contraria
585 4175 636 4231 est,
658 4167 693 4222 ab
706 4167 749 4224 bis
761 4183 824 4238 quaa
834 4169 884 4225 sibi
900 4170 973 4226 iliata
988 4180 1052 4227 stant
1102 4170 1227 4239 dngrnata
1238 4171 1396 4242 suscipiens,
1413 4179 1441 4227 et
1455 4186 1486 4226 ea
1501 4183 1574 4227 reeta
1588 4187 1648 4228 esse
1660 4172 1807 4239 consessus,
1822 4174 1900 4244 prio·

255 4258 373 4313 existere
391 4258 526 4328 peririlurit
540 4258 669 4329 alienum,
693 4262 836 4330 proniores
859 4262 979 4319 eliceret
992 4265 1052 4319 ani·
1102 4262 1141 4317 ris
1161 4261 1354 4331 intelligentias,
1376 4278 1456 4331 quam
1472 4274 1535 4319 ante
1553 4264 1701 4320 unitionem
1717 4264 1897 4323 Ecclesiamm

256 4367 316 4407 raras
325 4350 491 4420 jndicaotum
507 4364 536 4407 ar
550 4352 694 4408 crederem
706 4352 769 4423 quta
780 4355 879 4424 spretis
889 4364 916 4410 et
929 4355 1052 4411 relaturis
1103 4351 1205 4416 trabat,
1225 4352 1353 4407 rotaaavta
1373 4367 1505 4418 errorem,
1530 4356 1676 4410 osteudens
1697 4355 1900 4429 evidentissime

256 4457 317 4512 epure
328 4442 362 4497 ab
376 4457 409 4497 eo
424 4450 520 4513 uegeta
535 4450 607 4507 suad,
622 4432 668 4499 iila'
678 4452 782 4500 tantom
796 4453 825 4501 et
836 4455 914 4501 antea
928 4444 1066 4503 babuerit'
1104 4443 1139 4497 ab
1153 4441 1198 4497 iba
1213 4443 1341 4512 episeopo
1352 4443 1423 4512 qarod
1436 4443 1493 4513 ejus
1509 4441 1589 4499 luerit
1602 4459 1662 4514 oram
1676 4445 1709 4500 ad
1724 4444 1817 4500 ilarim
1833 4443 1901 4501 Per·

257 4546 317 4601 qam
339 4547 369 4587 se
387 4531 513 4589 babuisse
532 4542 561 4590 et
573 4535 711 4605 recepisse
731 4536 867 4605 prodesses
881 4547 932 4592 est.
949 4536 1052 4605 Quibus
1068 4550 1161 4624 Deam
1177 4534 1273 4604 legitur
1286 4534 1399 4605 epistola
1414 4534 1584 4605 denegatum.
1598 4536 1665 4591 Cum
1681 4537 1752 4592 euim
1767 4536 1901 4608 approbet

258 4621 295 4675 ita
311 4624 477 4686 monstratis,
493 4623 596 4679 clarum
610 4633 651 4680 est
672 4625 814 4695 epistolam
830 4628 862 4681 ad
877 4626 970 4683 llarim
986 4627 1053 4684 Per·
1106 4624 1140 4679 ab
1154 4625 1196 4679 bis
1206 4640 1266 4693 qtae
1276 4632 1338 4679 ante
1351 4610 1498 4679 unitionem
1513 4623 1693 4682 lleclesiarom
1704 4626 1764 4681 ibas
1776 4628 1900 4683 debeato

258 4726 316 4767 sam
328 4712 454 4769 omnibus
466 4728 527 4784 quae
541 4729 571 4770 se
584 4716 719 4786 recepisse
732 4718 791 4772 ibas
810 4716 877 4773 dixit
889 4720 1053 4774 contrariam
1103 4716 1206 4789 Cyrilln
1223 4716 1328 4772 dixerat
1337 4728 1340 4737 ¹
1349 4717 1532 4785 recedentem,
1556 4727 1619 4789 post
1639 4719 1769 4774 unitatem
1791 4720 1854 4791 quia
1868 4735 1902 4777 se

258 4803 430 4869 existentem,
446 4814 474 4860 et
494 4805 539 4860 iiia
555 4807 645 4877 potius
669 4822 729 4877 qne
743 4808 982 4865 anathematizavit
995 4809 1055 4867 ibas
1105 4819 1180 4867 recte
1199 4809 1318 4864 lrabeant
1331 4808 1413 4866 luisse
1430 4810 1593 4876 corriessnm,
1619 4811 1734 4887 epistola
1757 4821 1847 4871 autem
1863 4811 1901 4866 ad

257 4895 404 4967 episcopus
418 4896 580 4954 defendente
590 4914 617 4967 r,
642 4899 796 4956 uolimeous
818 4900 852 4956 ab
867 4898 912 4957 iba
926 4901 1055 4974 episcopo
1105 4900 1199 4955 llarim
1225 4899 1334 4954 Persam
1359 4908 1421 4971 post
1443 4901 1574 4957 unitatem
1594 4898 1692 4973 scripta
1716 4901 1788 4957 beati
1806 4900 1903 4973 Cpriiii

258 4985 342 5043 salsae
354 4987 493 5043 dictatam.
1105 4992 1176 5048 dieta
1191 5006 1251 5047 esse
1271 4991 1398 5047 heretica
1412 4993 1566 5054 mentiatur,
1592 4993 1733 5063 ipsumque
1756 4992 1782 5046 in
1796 4990 1902 5062 Apolli·

294 5075 354 5133 XX.
370 5076 436 5133 Nam
452 5087 481 5133 ut
493 5079 618 5138 omatibus
633 5078 710 5138 lieret
725 5082 897 5140 uraniiestum
909 5083 982 5156 guod
994 5082 1055 5141 ibas
1106 5084 1179 5140 naris
1189 5082 1314 5139 haerebo
1332 5084 1458 5161 incidisse
1475 5082 1620 5153 conlingat,
1642 5092 1744 5153 ecrtnm
1768 5090 1809 5137 est
1830 5083 1904 5153 banc

261 5168 386 5239 negando
408 5185 440 5227 oa
461 5186 522 5242 quae
543 5173 578 5228 ab
592 5175 795 5231 accusatoribus
820 5176 892 5231 illata
914 5186 986 5244 sunt,
1009 5176 1054 5231 iiia
1106 5175 1141 5231 ab
1152 5175 1197 5230 iba
1211 5176 1294 5231 etiam
1308 5176 1447 5246 praesentis
1458 5174 1671 5230 interlocutionis
1685 5175 1839 5230 testimonio
1852 5175 1904 5231 dc·

259 5273 321 5329 qum
334 5259 368 5315 de
382 5262 426 5330 pia
441 5261 493 5318 ilde
505 5265 644 5320 conlbssus
656 5274 697 5320 est
712 5265 857 5322 reddiderit
871 5266 996 5329 certiora,
1018 5268 1055 5322 ita
1107 5276 1243 5336 negatam.
1254 5266 1304 5322 Coi
1318 5267 1407 5322 sensui
1422 5265 1559 5323 luvenalis
1571 5267 1689 5338 episcopi
1701 5266 1828 5321 convenit
1841 5267 1904 5321 siue

261 5346 432 5404 interlocutio
454 5350 519 5407 (licit
535 5369 541 5405 :
558 5348 593 5405 lia
608 5350 812 5426 obrrepatioey'ur
825 5357 887 5426 fecit
908 5371 956 5411 not
977 5356 1005 5410 iu
1025 5371 1057 5411 eo
1109 5356 1283 5426 anrlriguitate
1292 5357 1440 5415 sortientia:
1453 5372 1512 5426 qum
1527 5373 1587 5412 curu
1610 5359 1706 5412 astruit
1721 5358 1792 5412 ibam
1806 5357 1905 5412 ortiro·

260 5441 466 5513 praecoepere
480 5447 626 5514 proniores.
640 5446 678 5503 de
692 5446 715 5503 si
728 5448 850 5503 diceret:
868 5447 906 5502 lla
921 5463 954 5505 eo
968 5449 1057 5505 etesii—
1109 5449 1209 5506 danaum
1223 5451 1368 5519 exstitisse,
1390 5451 1508 5507 ostendit
1522 5452 1557 5507 ab
1579 5466 1613 5506 eo
1634 5451 1775 5522 epistolam
1794 5466 1853 5520 quim
1868 5452 1903 5507 ad

262 5530 342 5587 bilius
358 5547 418 5603 quse
432 5532 466 5587 de
480 5535 523 5604 pia
545 5546 587 5592 est
606 5538 657 5595 lide
671 5537 808 5610 prolessus
824 5540 969 5609 accipiruus
984 5541 1056 5611 arunt
1111 5540 1204 5597 liarim
1220 5540 1327 5598 Persam
1351 5544 1452 5613 scripta
1473 5550 1514 5597 est
1537 5541 1704 5611 denegatam,
1728 5543 1827 5612 quiippe
1842 5550 1905 5597 tan-

263 5620 309 5677 illa
323 5637 384 5693 quae
397 5623 422 5678 ei
437 5624 543 5692 obieeta
558 5621 675 5684 inerant'
687 5631 840 5700 abrregarit,
865 5642 895 5686 ut
909 5648 962 5687 uon
984 5633 1058 5688 reim
1110 5651 1190 5704 quarn
1216 5635 1298 5691 rectis
1317 5624 1486 5706 dogmatibus
1506 5636 1651 5696 inimicam,
1677 5643 1704 5690 et
1718 5632 1805 5690 Pirotii
1817 5644 1900 5703 atquc

263 5711 433 5805 oirjrctorunr
448 5716 724 5785 ueritateeourictus,
753 5730 882 5793 tanquam
905 5739 939 5778 ex
962 5740 1056 5779 ueces-
1111 5724 1243 5780 Eustotlrii
1266 5735 1424 5782 ceterorum
1446 5726 1562 5784 decretis
1585 5729 1747 5782 conueniens
1764 5737 1896 5801 approbat

264 5806 583 5881 intercalaresque
597 5811 631 5868 de
643 5814 688 5886 pia
703 5813 755 5871 ilde
767 5817 879 5873 sentiret
890 5810 1055 5881 osteuderet,
1109 5816 1266 5886 judicatum.
1276 5816 1343 5871 Cario
1356 5834 1419 5873 uero
1430 5834 1590 5876 conversum
1601 5818 1666 5874 dicit
1678 5818 1771 5875 delere
1788 5821 1900 5892 suscipi,
