4059 6184
234 315 289 374 pqr
843 303 877 358 n.
900 298 1046 358 nonem
1067 294 1266 354 cnssmooru
1827 299 1875 357 ser

231 443 321 507 potest
334 438 483 502 occupatus
505 425 622 495 erigere.
640 421 810 494 Quapropter
824 419 1032 476 administrator
1047 422 1069 476 lt
1086 415 1144 471 tucia
1169 411 1325 487 postularet
1352 408 1486 480 AEgrescit
1512 407 1636 479 proiecto
1659 407 1808 479 ingenium,
1827 411 1874 468 nisi

230 525 412 598 arrrplissimus
433 520 456 576 si
479 531 591 574 uacasse
612 512 749 580 credatur,
768 511 943 584 opprobrium
965 515 1025 574 est;
1082 505 1140 576 jugi
1165 504 1282 560 lectione
1299 507 1450 572 reparetur.
1474 498 1535 554 Cito
1558 499 1750 570 expenduntur
1770 501 1875 573 borres,

231 616 309 688 euius
319 615 399 682 etiam
410 617 544 666 secretum
559 605 665 672 dicitur,
678 603 750 675 qnod
759 601 931 657 tumultuosis
942 599 1028 655 actio·
1085 611 1145 667 qnae
1159 594 1265 650 assidua
1286 608 1340 648 trun
1355 590 1455 646 inerim
1468 589 1621 659 adiectione
1635 589 1737 646 intrito.
1759 591 1875 650 Theseu.

233 683 311 772 rmus
325 703 491 762 verberatur.
507 697 561 755 Sed
576 698 621 752 vix
635 695 712 753 nobis
723 692 824 765 aliquid
841 690 979 764 praestabit
994 688 1028 743 ad
1081 701 1129 742 rus
1150 685 1208 756 ipse
1230 698 1312 753 qnam
1336 680 1415 736 facile
1435 678 1614 751 profunditur,
1640 680 1664 735 si
1685 681 1765 737 nullis
1781 683 1875 739 iterem

232 783 359 871 ellectum
375 793 457 852 ducta
474 790 609 862 probatio,
631 787 738 859 qnando
758 795 787 843 et
800 784 925 858 occupati
946 781 1029 838 luisse
1086 778 1166 851 173
1179 769 1807 849 pecuniiscompleatnrlsiebumanosseosus,
1818 790 1875 831 cuer

230 866 375 954 erediosur,
390 895 419 953 et
432 883 503 944 male
518 882 638 938 scribere
661 879 772 936 minime
787 876 912 933 debuisse
924 873 1029 945 judica-
1083 872 1174 934 alieno
1196 885 1251 926 non
1270 866 1381 932 sarcitur
1402 863 1510 939 [Forn.,
1537 863 1664 938 sarcitur]
1689 866 1809 932 inuento,
1824 867 1876 924 cito

230 956 300 1040 mur.
316 979 385 1038 Nam
399 976 484 1032 multo
498 975 583 1042 satius
596 981 638 1029 est
649 972 746 1027 uitiosa
760 968 879 1026 tenebris
892 965 1027 1030 occulere,
1081 971 1177 1034 potest
1190 960 1323 1017 attenuari
1336 958 1371 1015 de
1385 957 1507 1029 proprio.
1527 956 1556 1013 Si
1568 957 1634 1027 qnid
1646 966 1737 1013 autern
1758 958 1785 1013 ia
1801 959 1877 1016 nobis

232 1090 315 1145 quam
333 1069 465 1142 culpanda
490 1075 652 1146 praesumpta
676 1062 880 1135 importunitate
907 1058 1028 1126 vulgare.
1083 1055 1201 1124 redolet,
1220 1051 1371 1109 studiorum
1387 1050 1438 1106 dos
1452 1058 1511 1117 est;
1526 1049 1599 1120 quod
1613 1048 1789 1107 nibilominus
1806 1067 1877 1107 mas

231 1142 332 1221 lerum
350 1161 404 1218 boc
417 1159 482 1230 milri
501 1157 620 1228 objicere
634 1155 735 1226 poterit
748 1152 862 1224 otiosus,
882 1149 1030 1206 siuerbure
1081 1147 1170 1203 cidum
1192 1144 1323 1211 redditur,
1350 1143 1374 1198 si
1394 1157 1411 1196 a
1433 1150 1520 1196 matre
1531 1140 1648 1199 lectione
1666 1149 1803 1213 carpatur.
1823 1141 1877 1201 lilio

233 1250 383 1324 improvida
403 1248 545 1308 eeleritate
565 1243 679 1317 projeci,
706 1243 729 1299 si
752 1256 861 1300 sensum
883 1239 917 1296 de
940 1237 1030 1293 medio
1081 1239 1152 1295 enirn
1168 1245 1258 1309 potest
1276 1251 1337 1293 esse
1350 1234 1527 1302 latissimum,
1549 1235 1621 1290 unde
1639 1233 1754 1290 docetur
1776 1244 1805 1290 et
1829 1251 1875 1289 na·

233 1352 371 1413 sumptum
393 1355 448 1395 non
472 1337 624 1394 ornaverim
647 1342 791 1392 venustate
814 1344 981 1394 scurronum,
1007 1327 1031 1384 si
1083 1337 1140 1384 tnrn
1160 1326 1291 1398 :quando
1310 1327 1401 1382 onmia
1420 1325 1447 1380 in
1473 1325 1577 1394 origine
1594 1341 1643 1382 sua
1665 1325 1823 1396 plenissime
1841 1327 1880 1381 ri·

234 1441 369 1510 precepto
385 1440 505 1490 vetorum
526 1444 581 1494 non
594 1427 757 1484 reddiderim
776 1409 887 1497 propria
900 1437 1031 1495 persona·
1081 1427 1158 1484 nunt,
1179 1434 1239 1489 qum
1254 1418 1367 1474 necdum
1388 1433 1403 1472 a
1429 1417 1595 1474 naturalibus
1608 1418 1712 1472 sinibus
1726 1418 1793 1491 led,
1821 1418 1878 1473 ilai·

230 1531 293 1583 rura
305 1545 312 1580 ι
325 1532 473 1599 occupatus
492 1531 594 1587 autern,
609 1521 655 1591 qni
674 1520 779 1591 rapitur
793 1517 950 1573 diversitate
969 1532 1032 1573 cau·
1082 1508 1143 1583 bus]
1169 1503 1336 1568 auferuntur.
1352 1508 1469 1564 Proinde
1483 1510 1570 1565 venite
1590 1523 1687 1580 magna
1705 1525 1768 1580 pars
1787 1512 1878 1575 estsi

235 1634 338 1683 sarum,
357 1616 401 1673 cui
419 1614 518 1684 jugiter
537 1612 668 1670 incumbit
686 1623 846 1679 responsum
867 1606 989 1668 reddere,
1005 1612 1032 1660 ct
1082 1601 1224 1658 scribimus
1236 1617 1290 1657 non
1301 1610 1439 1667 vacantes,
1454 1601 1477 1656 si
1492 1600 1669 1670 lcqimurnon
1680 1599 1812 1672 legentes.
1825 1601 1878 1658 Sed

234 1708 312 1770 elteri
333 1703 499 1779 expedienda
510 1702 623 1768 dicturo,
639 1717 694 1764 nora
715 1714 759 1756 me
778 1697 906 1756 addicere
920 1695 1030 1767 poterit,
1079 1691 1137 1763 jana
1148 1705 1336 1748 removeamur
1348 1692 1383 1747 ab
1395 1691 1577 1748 excusationis
1590 1700 1667 1759 noto,
1683 1708 1719 1749 ne
1730 1694 1819 1763 magis
1839 1694 1878 1750 ot-

234 1790 284 1873 qni
294 1815 323 1856 se
338 1799 364 1854 in
380 1798 478 1859 talibus
497 1796 678 1868 periclitatum
700 1808 760 1850 esse
772 1791 924 1862 cognoscit.
939 1789 1031 1845 Facile
1047 1782 1175 1862 prendat
1194 1782 1273 1838 niuris
1285 1780 1410 1838 allectata
1422 1781 1554 1839 defensio.

236 1889 308 1958 euim
318 1885 456 1943 absolutor
469 1892 510 1942 est
522 1885 603 1940 aliem
617 1883 741 1940 conscius
760 1883 818 1945 sui:
834 1897 922 1952 neque
936 1881 963 1935 in
978 1879 1032 1934 illis
1133 1945 1136 1954 Ι
1382 1906 1579 1919 ----

235 1992 344 2049 semper
367 1977 496 2044 valemus,
520 1991 581 2047 qum
608 1974 743 2034 interdum
766 1988 848 2043 posse
866 1972 1030 2043 iudicamur.
1329 1984 1498 2042 qugTOLA
1516 1984 1635 2044 pssffl·

235 2068 366 2156 drgutum
382 2067 519 2122 inventurn
534 2066 625 2121 loetum
638 2063 724 2120 lnndlt
742 2063 891 2132 ingenium,
912 2060 1032 2133 tepentia

236 2162 307 2218 dicta
318 2175 395 2216 utens
409 2160 529 2230 concipit
547 2165 688 2229 occupata.
706 2155 855 2227 Aliquando
869 2163 977 2212 acutum
987 2153 1032 2224 ju·
1082 2111 1196 2220 ww*
1218 2113 1292 2154 mm
1310 2111 1389 2151 Μ
1403 2111 1525 2152 mm
1545 2111 1707 2154 mmm
1726 2113 1879 2223 ωηιξη

1005 2246 1012 2258 .
1084 2205 1208 2262 Pluribus
1226 2206 1317 2262 tandm
1329 2207 1556 2272 Amatamntbam,
1571 2215 1598 2264 et
1610 2218 1740 2277 parentes,
1755 2219 1781 2263 et
1796 2211 1880 2278 fitium

236 2252 306 2324 giler
330 2252 409 2355 ⁰⁴3⁰OE
426 2266 487 2308 ⁸⁸⁸⁸
509 2250 699 2352 ⁰⁰mp⁰⁸iQ
720 2248 789 2319 'qm
810 2247 918 2351 qioendi
936 2261 981 2350 Ψ
1004 2262 1032 2350 'J'
1120 2278 1375 2348 ejnrlrtrataricuna
1393 2275 1457 2330 Tum
1472 2287 1546 2347 caput
1567 2287 1700 2334 secrotores
1712 2287 1739 2331 nt
1754 2282 1880 2351 principi-

237 2349 728 2413 Msslfflssssllillffllllfflldnfflclfflfs
743 2339 870 2396 ²¹²⁰¹⁹¹²l⁸
882 2346 981 2396 ¹¹¹⁰&ss
992 2336 1033 2393 di·
1121 2349 1167 2401 bus
1181 2349 1280 2419 quotins
1302 2364 1349 2415 pro
1362 2347 1458 2402 cotton
1476 2348 1526 2419 ipsi
1542 2351 1699 2419 prefectum
1720 2352 1881 2419 praetoriano

237 2425 306 2496 cinis
320 2447 425 2496 tantum
440 2438 597 2494 muneribus
618 2437 779 2507 applicatur.
795 2435 927 2490 liemanet
940 2434 1034 2502 itaque
1122 2420 1246 2489 teletam·

237 2532 272 2614 nd
289 2530 472 2588 excusandum
491 2530 609 2586 brevitas
631 2529 767 2599 insperata
790 2527 929 2590 librorum,
951 2540 1033 2595 qnam
1121 2529 1323 2587 Commendatio
1344 2531 1419 2596 turibi,
1434 2540 1525 2601 patres
1548 2532 1703 2603 conscripti,
1723 2542 1883 2604 provectum

238 2637 319 2678 nemo
333 2629 432 2693 parent
444 2621 553 2687 mutius,
571 2620 623 2675 nim
636 2618 681 2690 qni
693 2620 762 2674 bene
776 2617 897 2673 creditur
911 2631 971 2674 esse
991 2615 1033 2672 dl·
1085 2636 1186 2688 menni,
1202 2622 1223 2675 si
1239 2621 1314 2676 robis
1327 2621 1446 2692 intelligo
1458 2619 1541 2677 luisse
1557 2623 1688 2678 votivum
1705 2623 1797 2681 Credo
1814 2626 1883 2682 eninr

237 2722 340 2776 eternas.
364 2712 417 2768 Sed
432 2728 466 2768 ne
487 2713 550 2782 quis
566 2710 679 2767 forsitan
698 2709 785 2780 possit
798 2707 897 2765 edendi
912 2706 986 2776 qrmd
1005 2706 1034 2762 in
1085 2712 1208 2768 everrisse
1220 2711 1400 2782 prosperrime
1410 2710 1483 2782 quod
1495 2720 1535 2766 tot
1545 2712 1638 2769 felices
1646 2722 1753 2770 constat
1761 2726 1883 2786 optasse.

239 2805 526 2881 pratortmoentntne
539 2799 748 2878 consmumssic
760 2795 921 2856 omnimodis
931 2798 1034 2854 actioso
1086 2804 1226 2861 Desideria
1240 2805 1340 2875 qnippe
1354 2811 1443 2860 restra
1455 2804 1587 2860 bonoram
1601 2805 1721 2861 omniurn
1732 2809 1885 2879 probantur

238 2915 325 2972 pauca
339 2895 506 2961 dictaverim,
523 2893 640 2972 accipiat
654 2891 704 2947 riri
721 2889 924 2962 prudentissimi
938 2888 1035 2950 delicis
1086 2895 1215 2975 auspicia,
1232 2894 1339 2965 quairdo
1353 2909 1432 2949 uerno
1447 2902 1537 2965 potest
1551 2895 1642 2950 talium
1660 2894 1754 2953 lavore
1769 2891 1883 2968 suscipi,

239 2976 448 3065 prmsmnptione
473 2986 581 3050 betam,
608 2983 684 3053 onjrrs
713 2982 888 3054 participatus
915 2995 976 3038 snm
1007 2980 1034 3035 in
1086 2987 1137 3043 nisi
1169 3001 1250 3057 quem
1275 2985 1406 3040 Divinitas
1433 2985 1563 3057 pracepit
1590 2989 1693 3056 angeri.
1721 2986 1885 3045 liutuamini

240 3084 406 3161 pmnicausa
427 3079 581 3136 consillum.
607 3075 712 3131 Etenim
728 3074 897 3144 uirprirnuna
916 3081 958 3128 est
974 3087 1034 3126 mo·
1087 3077 1288 3147 ergoqratiam,
1308 3083 1339 3132 nt
1353 3076 1466 3145 erigatis
1480 3076 1649 3148 obsequium.
1670 3077 1772 3133 Natura
1795 3094 1884 3134 rerum

239 3189 300 3243 rum
311 3172 465 3251 sinceritate
475 3168 629 3234 detinentes,
640 3165 753 3237 sciemia
763 3162 1070 3240 perambulasset-C
1086 3177 1128 3222 est
1150 3182 1242 3226 amare
1260 3166 1401 3235 collegam.
1432 3166 1538 3224 Laudes
1567 3169 1690 3238 quinimo
1710 3179 1821 3226 vestras
1839 3185 1887 3226 er·

242 3251 337 3323 borum
349 3264 517 3335 proprietate
530 3260 682 3325 distinctus,
706 3258 799 3315 senilis
811 3256 929 3327 juvenis,
949 3256 1032 3311 alter·
1086 3256 1190 3321 tollitis,
1205 3257 1228 3312 si
1250 3257 1382 3312 horrorem
1395 3257 1442 3327 «qui
1460 3258 1583 3314 senatori
1602 3257 1681 3315 datus
1701 3268 1743 3316 est
1760 3262 1884 3330 erigatis.

241 3356 429 3421 catursensis,
443 3358 612 3409 rnensnratus
626 3349 774 3420 eloquens;
793 3348 840 3418 qui
858 3346 1035 3404 necessitates
1085 3348 1244 3410 Sollicitudo
1259 3358 1365 3419 patrum
1386 3349 1420 3405 ad
1434 3350 1556 3421 publicas
1576 3367 1619 3407 rrrc
1633 3352 1762 3409 utilitates
1785 3355 1888 3410 insnu-

242 3449 362 3528 publicas
370 3447 511 3524 eleganter
522 3441 669 3514 implendo,
686 3440 720 3496 ad
736 3438 910 3496 taeombitern
925 3437 1033 3508 opinio·
1087 3449 1127 3495 ter
1144 3440 1277 3511 impellat,
1300 3448 1329 3494 ut
1348 3449 1439 3496 uestro
1458 3442 1542 3511 nraqis
1563 3443 1710 3513 imputetur
1733 3447 1886 3514 praeconio,

243 3537 304 3604 irem
315 3557 364 3598 sno
378 3539 469 3610 potius
483 3536 576 3592 labore
589 3533 726 3606 perduxit.
749 3531 858 3601 Alioqui
873 3532 954 3586 tantis
970 3545 1035 3586 cun·
1086 3548 1147 3588 cnm
1172 3532 1218 3586 tali
1243 3547 1370 3587 meruero
1390 3533 1498 3603 placere
1522 3541 1648 3603 patrono.
1669 3535 1800 3592 Secunda
1823 3537 1889 3593 mibi

242 3616 332 3710 sarum
346 3630 461 3686 molibus
474 3636 612 3691 oneratus,
635 3634 683 3681 aut
701 3625 788 3696 impar
807 3640 868 3681 esse
887 3624 972 3694 potui,
988 3630 1036 3677 ant
1086 3633 1127 3676 est
1141 3636 1214 3686 cura,
1229 3623 1304 3677 vobis
1318 3638 1360 3677 me
1374 3623 1567 3678 continendam
1579 3632 1641 3693 post
1655 3627 1808 3697 principes,
1825 3629 1887 3698 quia

243 3725 311 3798 t'orte
326 3734 454 3788 arrogans
477 3717 600 3774 irrueniri.
614 3715 667 3772 Sed
688 3717 792 3781 melius,
812 3713 884 3786 quand
903 3715 961 3783 eins
974 3712 1036 3767 lnti-
1086 3712 1150 3767 ittet
1169 3727 1217 3767 vos
1229 3727 1320 3767 amare
1338 3713 1500 3769 conddimus
1513 3716 1584 3787 qnod
1598 3725 1626 3770 et
1646 3732 1736 3772 rernm
1756 3719 1888 3776 dominos

242 3806 350 3881 potione
370 3820 508 3881 recreatus
528 3809 567 3864 sic
585 3808 719 3877 regalibus
743 3806 814 3861 curis
832 3803 914 3868 adini,
932 3812 962 3858 ut
981 3819 1035 3858 rann
1084 3801 1180 3873 jubere
1200 3804 1340 3860 sentimus.
1367 3802 1495 3870 Primum,
1525 3814 1555 3860 ut
1577 3807 1629 3862 hoc
1653 3817 1781 3878 putenrns
1810 3813 1887 3878 utile,

242 3904 387 3982 potuissem
404 3902 431 3956 in
445 3899 537 3982 arduis
551 3900 632 3955 rebus
646 3896 774 3953 cenetens
794 3894 1036 3966 approbaremus
1086 3893 1160 3965 quod
1186 3894 1343 3961 honestum
1366 3905 1396 3950 nt
1421 3904 1529 3953 nostros
1547 3906 1623 3953 actus
1640 3901 1716 3968 quasi
1735 3903 1888 3974 pedisequa

242 3996 332 4061 itaque
352 3991 457 4046 libellos
478 3989 659 4044 dictationum·
676 4002 796 4043 mearum
813 3985 846 4042 de
870 3986 1036 4057 praelectores
1087 4004 1194 4060 semper
1215 3989 1320 4060 justitia
1350 3990 1513 4058 comitetur;
1539 3999 1566 4046 ct
1591 3993 1663 4062 quud
1688 4009 1703 4047 a
1731 3996 1889 4051 consumenti

242 4081 350 4164 actione
364 4079 503 4148 subjrrnri3
519 4087 549 4132 nt
561 4078 607 4147 qni
620 4078 713 4133 decem
730 4076 804 4132 libris
823 4091 872 4132 ore
887 4077 961 4145 regio
975 4090 1035 4132 sona
1087 4081 1208 4153 principe
1223 4097 1276 4138 non
1288 4082 1412 4149 emimus,
1424 4082 1490 4138 nolli
1505 4085 1619 4155 turpiter
1631 4086 1818 4142 venditemus.
1833 4087 1889 4143 bu·

242 4173 360 4260 locutus,
373 4187 407 4227 ex
422 4186 536 4242 persona
550 4170 658 4241 propria
669 4184 723 4223 uon
736 4168 850 4224 haberer
863 4165 1014 4238 incognitus
1028 4186 1034 4222 :
1087 4172 1172 4238 distis,
1187 4172 1322 4245 principes
1336 4174 1395 4238 tiri,
1407 4190 1468 4244 qum
1479 4190 1568 4230 rerum
1584 4177 1702 4246 pondera
1720 4181 1890 4248 praedicatus

243 4263 306 4333 quia
330 4262 409 4318 nirnis
421 4260 567 4318 absurdum
589 4267 630 4316 cst
645 4258 671 4314 in
685 4257 782 4329 adepta
797 4258 927 4328 dignitate
948 4257 1036 4312 conti·
1087 4263 1249 4333 exceperim.
1267 4262 1352 4334 Supra
1372 4264 1444 4319 vires
1458 4265 1583 4331 exigitor,
1597 4266 1643 4336 qui
1664 4265 1808 4334 dignitatis
1831 4268 1889 4324 cul·

244 4353 422 4431 cessere‚qui
438 4369 487 4424 {tto
507 4351 566 4407 aliis
585 4349 831 4420 ridcbaorurptma
853 4349 963 4403 dixisse·
982 4345 1037 4402 Sed
1088 4353 1159 4409 mina
1175 4353 1299 4409 laudatur
1322 4355 1467 4423 ingressus.
1493 4353 1556 4410 llaec
1584 4372 1638 4410 non
1658 4357 1794 4412 andonius
1822 4357 1891 4412 salsa

245 4435 386 4516 postquam
401 4444 541 4501 duodecim
555 4443 629 4499 libris
650 4441 808 4514 opusculum
828 4450 949 4494 nostrum
964 4438 1036 4493 desi·
1087 4444 1187 4512 dicere,
1200 4444 1247 4500 scd
1261 4443 1423 4528 confitemur
1442 4460 1502 4500 csse
1517 4447 1634 4517 potiora.
1655 4446 1722 4501 Nam
1738 4448 1807 4503 talia
1819 4434 1900 4518 jude}

243 4535 338 4612 eierato
354 4535 406 4592 ltne
425 4534 620 4599 concluseram,
641 4531 676 4587 de
702 4532 799 4587 animae
820 4528 978 4594 substantia,
993 4527 1036 4582 rel
1052 4537 1129 4622 Dein
1141 4552 1194 4592 non
1207 4536 1368 4592 invenerunt
1382 4538 1489 4602 merita,
1504 4536 1550 4591 sed
1564 4535 1694 4592 lecerunt.
1709 4538 1808 4611 Neque
1819 4540 1893 4595 eninr

243 4632 277 4686 de
292 4629 435 4684 virtutibus
447 4626 516 4696 cjurs,
531 4627 611 4682 amici
622 4641 666 4680 mc
678 4624 812 4681 disserere
824 4629 990 4692 coepertum
1007 4628 1038 4676 ut
1089 4643 1139 4684 nos
1154 4626 1216 4682 inde
1228 4626 1373 4697 jactamus,
1388 4627 1436 4697 qni
1449 4627 1622 4696 intelligimus
1635 4628 1763 4683 dominns
1778 4638 1894 4686 nostros

243 4738 291 4795 llssf
304 4736 385 4791 ’ΝΜ
400 4720 483 4775 mulli!
497 4718 622 4782 diximus,
642 4716 675 4772 (¹⁰
694 4717 751 4785 ipsa
765 4728 874 4784 llu⁰d¹¹⁰
890 4712 981 4768 dicere
997 4711 1037 4767 Vi·
1089 4719 1201 4773 bomilia
1220 4718 1339 4774 uoluisse
1353 4718 1507 4786 sustollere,
1523 4734 1557 4773 ne
1577 4719 1722 4775 uideantur
1744 4719 1897 4776 immeritis

243 4799 380 4869 derernnr.
394 4801 1038 4880 llodoparcitcdiscrti,lauctcpotiusincboan·
1092 4815 1147 4864 tam
1171 4808 1288 4877 ingentia
1315 4807 1481 4878 praestitisse.
1505 4806 1623 4876 llapinut
1647 4824 1696 4861 nos
1722 4808 1896 4877 predicanti

244 4891 300 4969 tcs3
313 4918 375 4958 narn
389 4901 412 4970 si
429 4899 494 4955 nibil
508 4911 615 4952 mercor
628 4895 788 4964 eloquentiae
807 4906 928 4957 ocurrere,
949 4890 1039 4946 consi·
1092 4901 1221 4971 temporis
1235 4900 1306 4955 bona
1320 4917 1327 4967 ;
1339 4908 1367 4954 et
1381 4900 1454 4954 volnt
1470 4899 1548 4967 longa
1563 4900 1688 4953 ariditate
1703 4899 1846 4960 sitientes,
1863 4898 1897 4952 al

244 4994 378 5050 donandus
398 5007 456 5060 sum
482 4988 573 5061 potins
587 5002 621 5044 cx
638 4984 835 5040 ofliciosisslfflO
857 4982 964 5049 ¹³b⁰l⁰i
979 4982 1037 5052 qui,
1091 4996 1215 5052 baustum
1229 4994 1377 5050 dulcissimi
1391 4994 1496 5064 saporis
1511 4993 1634 5046 inritant.
1655 4992 1678 5046 n
1700 4992 1796 5046 saeculi
1812 4993 1897 5046 beata

245 5086 326 5140 turris
339 5081 492 5154 reipublice
507 5077 711 5135 necessitatibus
720 5084 876 5144 occupatior,
891 5074 930 5129 ⁵³⁰
942 5087 1039 5130 litem
1090 5086 1215 5144 fortuna!
1233 5089 1284 5142 sub
1298 5082 1421 5156 principe
1434 5082 1531 5140 feriato
1547 5083 1641 5138 matris
1650 5092 1748 5152 regnat
1760 5081 1896 5144 allectin;

246 5175 321 5246 potui
333 5175 382 5230 sub
397 5174 537 5248 urentibus
549 5173 631 5232 cruris,
654 5170 676 5224 si
698 5184 741 5224 me
759 5168 867 5237 gloriari
882 5166 1039 5235 contigisset
1091 5193 1139 5249 per
1147 5193 1228 5247 quiam
1243 5185 1330 5232 totum
1354 5177 1394 5231 sic
1414 5176 1563 5245 peragitur,
1585 5182 1615 5229 ot
1628 5174 1834 5240 getteralisnos
1856 5181 1899 5226 te.-

248 5268 403 5323 tlumiaibus
426 5267 565 5324 Tullianis.
592 5265 658 5319 Nam
688 5264 745 5333 ipsc
766 5277 874 5332 qnoque
898 5262 958 5317 ioris
979 5260 1038 5317 eto·
1090 5281 1154 5337 gere
1168 5268 1285 5324 ebaritas
1305 5267 1448 5323 sentiatur.
1464 5266 1531 5324 linic
1544 5267 1690 5335 gloriosum
1707 5272 1824 5335 praestat
1847 5262 1900 5318 ob·

246 5361 366 5430 quentiae
382 5371 408 5428 t,
423 5376 484 5415 cunt
498 5360 588 5415 dicore
603 5365 751 5430 peteretur,
778 5355 862 5410 icrtnr
884 5369 1038 5417 exornasse,
1090 5359 1213 5427 sequium
1233 5362 1276 5413 cni
1295 5359 1385 5413 onrado
1411 5359 1546 5422 seruiunt3
1571 5364 1599 5411 et
1618 5356 1733 5410 mirabili
1751 5362 1900 5424 ternpera·

247 5454 319 5523 quod
331 5454 416 5524 pridie
427 5469 480 5508 non
495 5452 612 5519 legisset.
626 5448 695 5516 Quid
709 5448 764 5517 jam
780 5447 839 5501 aliis
852 5447 976 5502 accite-rc
991 5462 1040 5515 po-
1092 5459 1183 5504 urento
1197 5449 1357 5514 concordiae,
1375 5455 1518 5516 antequam
1541 5446 1626 5516 possit
1646 5444 1759 5516 populos
1782 5457 1900 5510 regere,

246 5546 320 5610 terit,
332 5545 355 5599 si
371 5553 445 5599 tanta
457 5544 514 5599 lons
533 5540 661 5596 bacrrndiac
676 5548 815 5593 auctarium
829 5538 884 5591 nisa
904 5548 944 5592 cst
959 5539 1041 5592 bene·
1091 5543 1147 5596 suis
1156 5540 1211 5610 jam
1227 5541 1310 5611 coepit
1331 5539 1450 5594 moribus
1466 5539 1609 5608 imperare.
1626 5536 1683 5592 lloc
1703 5544 1744 5591 est
1764 5533 1902 5605 prolecto

285 5753 297 5777 ⁸·
313 5745 407 5796 Cicero
420 5756 526 5795 sertum
540 5738 705 5799 triarnnnisit,
720 5735 791 5805 quand
809 5736 889 5790 dilata
906 5736 932 5790 in
944 5736 1041 5791 crasti-
1093 5751 1146 5802 quac
1162 5743 1251 5794 tantus
1266 5735 1363 5790 artilex
1378 5734 1411 5790 ad
1422 5733 1564 5792 dicendum
1575 5730 1729 5789 accedebat.
1745 5727 1892 5790 Plutarch

251 5827 313 5871 onor
329 5811 435 5868 corrritia
451 5810 629 5868 renuntiasset
640 5825 654 5860 .:
671 5808 738 5866 adeo
759 5816 869 5884 paratus
884 5808 1041 5864 rtreditotns·
1094 5805 1176 5864 ilnrru.
