4059 6184
171 292 223 378 'rs
786 332 959 390 arssrouu
979 336 1023 391 nr
1043 339 1206 398 arcanas.
1770 363 1805 419 ns

183 453 243 491 eun
255 442 528 507 nemausense·
547 445 615 515 quad
628 454 712 501 nutem
727 457 816 503 srutruu
830 461 877 512 est,
900 449 969 507 [leus
986 455 1008 514 A
1294 461 1381 534 l'ipilii
1395 469 1535 535 responsio.

181 542 216 581 es
231 526 297 594 lica,
312 538 338 583 et
350 531 580 588 emrmbstantlalis
593 534 669 589 Patri
681 547 742 592 est:
757 555 858 594 necesse
872 550 910 596 est
924 542 971 599 bac
1057 545 1086 602 ln
1108 551 1294 622 suprascriptis
1315 557 1432 612 secundo
1455 568 1482 613 et
1505 561 1586 617 tcrtia
1609 566 1732 636 capitulis
1754 572 1806 629 lroc

181 626 209 670 et
221 634 326 672 earnem
340 619 434 685 dicem,
455 622 524 693 prod
543 625 566 677 si
586 640 638 679 aaa
656 627 753 681 idcirco
771 643 831 682 caro
843 639 890 697 est,
906 647 969 703 pao·
1021 637 1126 692 uidetur
1140 642 1238 709 astrui,
1260 645 1321 712 quia
1341 645 1411 702 Deus
1424 651 1534 706 verbum
1554 653 1654 711 homini
1674 659 1805 728 plasmato

183 710 254 763 niam
267 726 314 763 uec
324 708 438 767 Deusea
453 712 516 780 lieo,
528 730 574 768 nea
584 715 811 773 consubstantialis
825 719 911 790 Patri,
926 728 972 776 sea
1021 726 1107 781 inerat
1128 737 1255 799 tanquam
1274 734 1343 788 alter
1364 737 1391 790 in
1411 737 1507 794 altera.
1531 740 1647 801 Dicenda
1667 749 1749 817 enim,
1775 761 1806 808 ut

182 816 217 852 ea
239 801 338 856 semiue
360 802 456 868 libaid,
480 814 506 858 et
525 806 753 868 coumbstantialis
766 810 789 863 ei
801 810 874 880 mins
885 826 971 866 minen
1020 820 1198 889 particulatim
1212 824 1422 897 dispensationi,
1436 845 1496 900 quse
1509 834 1579 891 eirca
1594 850 1742 909 numerat,
1757 858 1804 900 or-

182 899 231 952 est,
254 899 279 944 et
296 909 348 946 nan
361 894 390 946 id
402 894 471 964 qaod
492 906 580 950 natum
592 907 631 952 est
643 914 675 952 eu
688 900 786 970 oirpine
800 900 869 958 Deus
882 913 932 971 est,
946 913 971 958 et

181 995 215 1032 ca
238 977 309 1047 Dea,
334 992 358 1035 et
377 983 604 1042 consubstantialis
628 986 703 1043 Patri
711 1006 721 1054 ,·
745 990 797 1044 nisi
820 993 888 1061 [arte
908 1011 970 1064 pars

181 1066 257 1134 ιἰιιι,
269 1081 346 1141 praut
360 1073 414 1143 ipse
428 1073 455 1127 in
466 1075 630 1146 interioribus
639 1089 739 1150 partem
748 1078 844 1137 Cluisti
854 1084 971 1139 nominat

179 1159 322 1224 deitatem;
337 1164 384 1216 sed
398 1182 450 1219 non
464 1167 551 1222 dirina
564 1177 659 1225 statura
671 1187 704 1227 ex
718 1173 816 1244 sirpine
832 1184 896 1228 nata
914 1186 969 1241 est:

179 1259 258 1303 suanis
272 1262 358 1305 antem
372 1266 410 1306 ert
423 1270 456 1308 ea
475 1257 586 1327 cirpine,
600 1259 643 1330 pul
657 1277 690 1316 ea
703 1261 847 1319 substantia
864 1266 970 1337 sirpinis

179 1352 294 1409 constat,
309 1361 361 1398 nan
374 1343 444 1401 [leus
459 1347 561 1403 uerbum
580 1367 612 1408 ea
623 1353 712 1408 diaria
725 1365 801 1411 natus
820 1365 879 1412 est:
894 1369 971 1415 nabis

179 1442 320 1487 astantem
333 1450 367 1490 ea
385 1434 482 1503 daria,
504 1440 548 1508 ani
565 1457 599 1496 ea
618 1446 715 1500 semine
737 1456 776 1502 est
799 1446 892 1516 Dmid,
918 1467 969 1507 nan

181 1519 252 1576 lleus
267 1523 370 1578 uerbum
382 1542 415 1580 ea
429 1527 534 1584 muliere
545 1541 621 1587 natus
636 1543 682 1600 est,
704 1536 750 1590 scd
769 1547 845 1593 natus
862 1555 893 1593 ra
910 1558 968 1596 mu-

179 1614 254 1678 liere,
270 1615 314 1686 pai
327 1617 419 1672 airmte
437 1622 521 1675 sancti
542 1621 655 1693 Spiritus
668 1627 811 1696 plasmatus
824 1639 862 1684 est
880 1633 907 1686 in
920 1649 968 1698 ea,·

178 1721 234 1758 nan
253 1722 287 1760 ea
301 1715 385 1761 matre
406 1718 483 1763 natus
505 1714 789 1774 est.cousubstautialis
806 1718 882 1776 Patri
902 1723 969 1790 (sine

178 1804 266 1850 matre
275 1799 344 1851 euim
357 1807 406 1865 est,
421 1802 560 1857 secuudum
573 1802 642 1859 beati
658 1805 734 1862 Pauli
747 1811 853 1877 nocem),
864 1812 911 1865 sed
924 1814 968 1883 mal
983 1819 1005 1879 Β
1055 1825 1136 1881 snam
1163 1839 1248 1887 aurem

176 1888 207 1940 iss
223 1889 408 1957 posterioribus
429 1893 583 1964 tenporibus
601 1897 628 1952 ln
643 1907 759 1955 materna
779 1911 866 1957 uentre
885 1905 970 1959 sancti

176 1975 297 2047 Spiritus
306 1981 397 2035 ursata
405 1982 603 2053 plasmatusest,
611 1998 704 2058 utpote
713 1992 769 2047 siue
777 1990 970 2066 Patreprapter
1017 2022 1060 2061 sas
1072 2009 1099 2077 [a

175 2067 228 2122 bec
242 2068 336 2125 dictus.

363 2165 368 2180 ’
453 2182 542 2257 Vipitis'
555 2193 698 2256 responsio.

212 2268 243 2327 ln
257 2272 440 2342 suprascripto
460 2277 548 2344 prima
567 2281 685 2349 capitula
705 2284 832 2353 quoniam
846 2301 895 2357 per
913 2290 967 2346 cir-

173 2363 267 2419 cuitus
279 2362 305 2419 id
318 2363 424 2420 ridetur
437 2366 536 2433 sanni,
550 2368 612 2438 quia
631 2370 713 2428 homo
729 2391 812 2445 puras
824 2391 859 2431 ex
873 2387 966 2435 saniem

173 2453 283 2522 virgine
295 2454 378 2512 diaria
393 2463 472 2515 uatus
484 2456 536 2524 sit,
550 2457 664 2517 dicenda
680 2479 687 2516 ε
703 2462 732 2519 Si
749 2464 865 2521 latemur
881 2467 966 2523 Deum

172 2542 300 2606 verbum,
328 2544 374 2613 qui
400 2547 636 2605 mnsabstantialis
660 2558 702 2609 est
726 2550 810 2619 Patri,
829 2567 909 2611 carne
931 2571 966 2613 ex

172 2631 273 2687 eadem
286 2634 389 2702 uirgine
412 2645 641 2705 metamucense
658 2653 702 2698 ess
720 2651 749 2699 ut
768 2657 877 2701 carnem
900 2660 965 2701 ean-

172 2720 380 2780 substantialem
412 2723 484 2781 Pstri
513 2740 711 2800 consequenter
741 2747 801 2790 esse
832 2736 962 2794 dicamus.

173 2809 294 2882 ideoque
314 2815 468 2886 annuaque
486 2817 640 2888 hujusmodi
654 2823 806 2882 intellectas
819 2828 898 2898 sapit,
914 2828 963 2883 dn-

172 2908 232 2967 cet,
245 2901 340 2969 erodit,
354 2912 403 2960 aut
419 2907 558 2976 praedicat,
579 2918 607 2965 et
626 2925 680 2967 non
704 2914 825 2970 eumdem
845 2914 962 2975 tomum

173 3007 208 3048 sc
220 2993 316 3050 Filium
334 2994 384 3052 liei
403 3013 452 3068 per
470 3001 615 3057 secandam
637 3004 802 3062 nativitatem
816 3002 850 3062 e‘x
868 3015 961 3067 sancta

174 3081 259 3140 lteris
271 3085 438 3142 incarnatum
451 3097 480 3145 et
492 3098 584 3146 natum
599 3095 694 3160 credit,
709 3098 852 3154 anathema
866 3100 911 3155 sit.

391 3215 524 3257 raconem
543 3218 692 3261 enarraturi
711 3223 739 3262 n.

209 3299 222 3325 ⁸
240 3287 304 3343 ileu
318 3298 403 3343 autem
414 3292 442 3345 in
456 3293 512 3361 ipsa
526 3295 652 3363 plasmato
666 3296 736 3354 Dens
754 3299 863 3358 Verbum
875 3306 961 3378 faetus

172 3386 229 3438 est:
247 3393 295 3431 uec
312 3380 381 3433 enim
398 3381 426 3435 in
449 3385 539 3438 cuturn
553 3388 701 3443 ascendenti
712 3391 793 3446 salum
807 3396 902 3466 istaut,
915 3400 960 3452 sed

170 3465 250 3518 etiarn
263 3465 297 3519 ed
309 3468 418 3522 mortuis
430 3474 622 3542 usurpauerint
634 3486 692 3544 pate
705 3487 728 3532 et
739 3484 893 3539 resuscitans
902 3502 959 3540 curn

170 3556 312 3609 semdum
329 3573 404 3612 suasa
419 3563 631 3629 promissionem
647 3583 694 3621 uec
714 3574 857 3642 reserpendi
876 3575 958 3629 solum

169 3644 266 3714 iuerat,
280 3648 415 3702 sedetiam
426 3652 550 3722 crucifixo
563 3661 588 3707 et
597 3653 738 3726 baptizata,
753 3669 778 3713 et
786 3662 958 3734 euanpelieuns

170 3745 229 3804 past
242 3734 370 3806 baptisma
381 3741 575 3796 connecterem·
584 3750 715 3819 peraperte·
723 3790 731 3814 ,
749 3766 795 3803 nec
815 3767 866 3806 uon
880 3756 957 3824 edam

170 3827 204 3880 ds
228 3826 355 3897 baptisma
378 3830 486 3901 lepalem
512 3835 665 3906 adimplenti
688 3843 910 3910 constitutionem,
932 3856 958 3900 et

168 3928 326 3987 mmmmm
348 3921 486 3975 secundm
510 3923 600 3995 lepem,
623 3936 648 3980 et
666 3930 824 3997 circumcisa,
846 3942 872 3986 et
893 3936 956 4004 [atui

169 4010 265 4078 pannis
278 4010 411 4075 eurotam·
425 4021 482 4066 erat
497 4023 582 4070 aretem
593 4018 660 4088 sorte
680 4021 773 4090 inipso
787 4033 812 4076 et
824 4035 955 4095 nascente,

168 4110 194 4152 es
216 4115 275 4152 cum
294 4100 321 4152 in
345 4109 417 4154 utera
437 4112 503 4155 esset
527 4120 543 4157 a
565 4109 649 4177 prima
667 4112 755 4165 statim
768 4111 955 4182 plasmatione,-

168 4192 358 4261 dispensationi
371 4193 438 4246 onim
454 4197 591 4265 quadrua
604 4215 660 4253 eum
674 4211 730 4254 crat
744 4203 860 4258 ordinem
874 4206 955 4275 impo-

167 4280 259 4346 nebat,
279 4292 306 4336 et
325 4283 500 4352 particulatim
513 4288 597 4355 ipsum
615 4291 651 4343 nd
667 4294 847 4363 perfectionem
862 4297 955 4366 perdu-

166 4385 238 4425 cens.

383 4505 517 4546 aaronem
536 4507 684 4547 asrirrnuu
703 4511 740 4548 m.

200 4574 236 4628 m
249 4593 297 4646 per
310 4585 410 4650 tempus
422 4583 457 4634 ad
470 4582 596 4652 baptisma
608 4585 713 4654 ducens,
726 4598 784 4656 post
796 4587 954 4644 illudentem

165 4668 200 4718 nd
217 4675 342 4732 mortem,
365 4670 457 4724 deinde
474 4673 612 4727 scaurrdnrn
631 4691 705 4729 sesam
719 4677 952 4744 pronuntiationem

165 4758 333 4822 renascituris,
348 4759 443 4814 ducens
457 4764 484 4814 iu
499 4763 599 4831 caeluni,
615 4765 744 4820 reiterans
757 4782 814 4820 eum
825 4766 858 4819 ad
870 4767 955 4822 dente·

164 4862 221 4900 ram
246 4846 297 4902 llei
319 4867 366 4918 per
387 4868 459 4906 suam
483 4854 698 4924 conpunctionem,
721 4873 753 4910 ea
772 4873 821 4928 pua
841 4858 954 4913 sedetet

127 4933 139 4946 “
164 4937 290 4991 adoratur
313 4937 346 4992 ab
370 4941 498 5010 amnibus,
522 4954 547 4995 et
570 4961 657 4998 asarias
675 4945 811 5015 judicabit.
838 4944 952 5001 latarum

163 5035 248 5080 antem
262 5030 377 5082 omniurn
389 5030 468 5098 finem
483 5031 553 5101 apud
564 5049 592 5086 se
606 5033 713 5087 babebat
737 5033 804 5090 Deus
828 5035 947 5100 Verbum,

161 5132 220 5169 cum
245 5117 274 5170 in
297 5134 328 5171 ea
351 5130 417 5184 erat,
442 5129 466 5175 et
484 5122 572 5177 amnia
590 5140 634 5193 per
656 5125 772 5179 ordinem
787 5127 947 5198 conpletum

162 5225 235 5278 auem
250 5207 368 5264 ordinem
381 5214 437 5282 ipse
450 5212 624 5270 arbitrabatur
637 5216 700 5270 bene
711 5217 804 5272 babae
822 5235 867 5289 per
886 5220 948 5287 fini-

162 5299 256 5356 tionem
275 5302 379 5373 aaidem
396 5312 421 5358 ct
435 5305 606 5371 amentatum,
620 5324 696 5380 qaam
709 5317 786 5362 antea
799 5309 887 5362 statuit
901 5324 948 5378 pra

161 5385 200 5442 liis
214 5406 272 5461 pase
284 5404 406 5446 caenare
421 5403 503 5457 eraut,
519 5404 544 5449 et
557 5397 624 5451 bana
638 5398 776 5460 uoluntate,
791 5415 866 5469 paam
879 5401 947 5453 circa

162 5495 218 5532 mm
231 5480 352 5547 lrabebat,
367 5482 399 5536 ab
412 5485 487 5540 initio
501 5487 619 5541 similiter
632 5488 716 5541 iuerat
725 5490 758 5552 ei,
773 5507 819 5558 per
831 5489 945 5544 aretinam

162 5579 243 5622 autem
257 5571 381 5630 placitum
393 5573 429 5626 ad
441 5577 622 5644 perlectionem
631 5578 740 5633 elambat
751 5582 843 5648 ipsum.

1021 910 1109 966 dinem
1126 913 1262 972 rideretur
1282 918 1431 989 imponere,
1453 931 1481 979 et
1498 939 1560 980 eum
1577 938 1688 999 propter
1706 933 1803 991 barsam

1021 1000 1196 1071 voluntatem,
1210 1020 1289 1075 quam
1303 1007 1374 1064 circa
1394 1010 1480 1080 ipsum
1494 1013 1626 1082 habebat,
1647 1028 1674 1074 et
1693 1025 1805 1090 parabat

1021 1103 1081 1144 cum
1102 1091 1148 1159 qai
1172 1102 1324 1164 assumptus
1347 1107 1388 1153 est
1410 1099 1444 1157 ad
1463 1115 1618 1176 provectum
1633 1111 1804 1179 perlectionis

1020 1177 1169 1248 adducere,
1198 1181 1296 1240 talibus
1318 1188 1407 1243 serbis
1429 1189 1544 1250 dualitas
1576 1214 1748 1266 personarum
1777 1207 1803 1261 in

1020 1259 1197 1327 Domina'una
1208 1280 1237 1330 et
1249 1272 1305 1330 Deo
1316 1286 1407 1335 nostro
1418 1277 1480 1337 lesu
1491 1283 1597 1342 Christo
1606 1295 1805 1352 exsecrabiliter

1020 1357 1125 1412 ridetur
1140 1360 1238 1432 induci,
1254 1373 1281 1420 et
1293 1373 1419 1438 unquam
1439 1373 1585 1440 quemlibet
1607 1378 1741 1438 bominem
1756 1387 1803 1444 Dei

1021 1445 1100 1503 Verbi
1114 1453 1198 1519 gratia
1210 1468 1259 1523 per
1267 1457 1352 1525 spatia
1364 1467 1513 1532 temporum
1523 1468 1676 1536 proiecisse.
1688 1471 1804 1546 ideoque

1019 1537 1171 1610 quicunque
1194 1558 1228 1598 eo
1249 1544 1386 1605 intellectu
1413 1555 1492 1624 sapit,
1520 1556 1608 1625 docet,
1636 1563 1732 1632 credit,
1757 1578 1805 1623 aut

1019 1626 1157 1696 prodient,
1173 1633 1314 1689 anathema
1327 1638 1371 1692 sit.

1233 1761 1367 1804 resonam
1385 1766 1534 1811 currantur
1552 1773 1589 1813 ru.

1273 1841 1478 1906 cooperationem
1509 1847 1544 1900 ad
1569 1855 1702 1921 proposita
1726 1874 1804 1929 opera

1018 1918 1159 1987 prestabat
1172 1922 1195 1975 ei
1207 1924 1251 1994 pai
1265 1939 1427 1998 assumptus,·
1440 1934 1483 1988 ubi
1496 1936 1544 1990 isac
1557 1939 1620 2010 tecte
1633 1944 1660 1998 in
1673 1946 1729 2002 loca
1743 1966 1804 2005 sen·

1102 2008 1153 2062 isse
1167 2010 1306 2069 distantem
1317 2016 1356 2071 illi
1370 2021 1413 2089 qui
1435 2036 1580 2095 assumptus
1597 2040 1650 2098 est,·
1672 2052 1718 2090 nee
1736 2043 1804 2094 enirn

1016 2098 1054 2151 eis
1067 2097 1257 2175 ambusmnpae
1267 2105 1371 2163 donarit
1381 2117 1586 2181 cooperationem
1591 2136 1601 2184 ,·
1615 2137 1705 2178 sensas
1718 2126 1802 2183 laeum

1016 2190 1072 2262 ejus
1083 2192 1228 2262 contueban-
1239 2198 1263 2251 si
1272 2209 1355 2254 antem
1367 2209 1393 2255 et
1405 2204 1481 2259 meda
1494 2211 1652 2280 precipuum
1665 2218 1803 2286 mmmdam

1015 2283 1220 2349 accurationem
1232 2285 1336 2340 densauit
1346 2288 1385 2342 illi
1400 2291 1443 2360 qui
1462 2304 1607 2367 assumptas
1626 2309 1674 2366 est,
1690 2316 1741 2358 aest
1756 2306 1803 2362 bac

1016 2368 1220 2439 faciebatlaeans
1232 2390 1322 2429 sensus
1337 2377 1457 2433 deitatem
1467 2380 1588 2441 obtinere.
1611 2387 1665 2444 Sed
1681 2395 1704 2447 si
1720 2395 1802 2452 deitas

1014 2475 1063 2526 pra
1082 2476 1158 2515 sessu
1180 2462 1260 2531 fiebat
1282 2466 1322 2520 illi
1345 2470 1389 2536 qui
1413 2481 1558 2544 assumptus
1581 2488 1636 2546 est,
1663 2486 1802 2542 secundans

1014 2550 1195 2619 reserauerba
1211 2556 1337 2621 minanda
1352 2560 1469 2615 timorem
1488 2563 1515 2617 in
1537 2569 1659 2635 passione
1678 2576 1802 2646 suscipie-

1015 2636 1079 2693 bat?
1092 2638 1161 2705 Quid
1171 2643 1395 2705 aebenrentiaribus
1409 2656 1569 2712 erationibus
1582 2660 1619 2714 ad
1627 2663 1801 2725 imminentem

1014 2732 1189 2788 necessitatem
1209 2737 1350 2809 indipebat,
1374 2757 1438 2814 quas
1459 2759 1517 2800 cam
1537 2764 1633 2821 maprsa
1656 2756 1757 2826 pridem
1775 2770 1801 2815 et

1013 2818 1158 2876 clamorosa
1167 2838 1236 2890 ooce,
1249 2822 1305 2880 edm
1315 2828 1436 2898 plurimis
1443 2833 1521 2889 etiam
1530 2837 1651 2910 lacrymis
1661 2848 1799 2905 secundans

1012 2909 1115 2965 beatum
1134 2912 1245 2971 Paulum
1260 2917 1339 2988 (dieb.
1353 2922 1384 2991 v)
1398 2926 1524 2995 referebat
1546 2928 1618 3001 Dra,
1642 2944 1799 3011 mespelium

1013 3008 1101 3069 aperte
1114 3002 1214 3060 dicente
1227 3005 1303 3075 (duc.
1318 3010 1397 3081 ssu),
1412 3017 1481 3084 praed
1491 3019 1574 3089 plebis
1583 3028 1716 3097 sanpaiuis
1728 3033 1798 3087 siusi-

1012 3089 1049 3144 lis
1066 3092 1146 3147 sudor
1163 3095 1350 3155 descendebat?
1370 3100 1440 3166 Quid
1456 3117 1541 3163 autern
1552 3115 1637 3183 aripeli
1650 3118 1758 3174 aduentu
1770 3131 1797 3177 et

974 3170 998 3230 C
1013 3180 1157 3237 uisitatione
1175 3185 1273 3255 epebat,
1294 3190 1408 3246 unimam
1422 3196 1560 3266 reficientis
1580 3202 1607 3256 in
1623 3210 1796 3277 experimenta

1010 3272 1148 3341 malonem,
1167 3276 1337 3346 cosrtartantis
1359 3283 1414 3353 ejas
1434 3286 1603 3356 alacritatem,
1630 3302 1796 3358 exercitantis

1009 3377 1066 3416 eum
1081 3365 1116 3417 ad
1134 3367 1308 3423 imminentem
1328 3375 1459 3442 passionis
1478 3384 1663 3452 necessitatem,
1686 3390 1796 3447 tolerare

1010 3452 1111 3522 fortiter
1125 3455 1348 3529 malesuadentis,
1360 3466 1475 3533 arpentis
1487 3469 1523 3520 od
1534 3474 1684 3540 patientiam
1697 3491 1722 3533 et
1733 3485 1797 3538 tale·

1008 3543 1135 3597 rationem
1157 3547 1295 3616 malorum,
1314 3553 1469 3609 ostendentis
1491 3569 1655 3624 procreantium
1669 3571 1794 3627 malarum

1009 3627 1120 3697 [ructum
1142 3647 1175 3684 ea
1197 3634 1327 3699 passione,
1351 3640 1518 3694 mutationem
1532 3644 1559 3698 in
1569 3649 1678 3716 pluriam
1702 3652 1794 3710 bonam

1007 3715 1151 3772 circaeam
1171 3730 1229 3790 past
1251 3724 1395 3790 passionem
1413 3728 1546 3796 suturam?
1563 3736 1607 3804 pai
1620 3741 1687 3793 enim
1707 3760 1795 3800 recrea·

1007 3806 1069 3859 darn
1090 3809 1252 3878 euonpelistoe
1275 3827 1360 3865 uocem
1384 3812 1507 3889 (ibidem)
1532 3825 1695 3894 corstortnbat
1720 3849 1792 3899 euris,

1007 3898 1114 3968 anpclus
1131 3899 1238 3966 scilicet,
1259 3901 1342 3956 uerbis
1360 3905 1419 3958 istis
1438 3907 1530 3976 sortem
1553 3927 1609 3966 mm
1627 3918 1748 3986 tarirbnt,
1770 3935 1794 3977 et

1005 3987 1155 4057 infirmitati
1164 3999 1265 4045 naturae
1278 3995 1433 4062 superiorem
1447 3998 1507 4066 fieri
1520 3999 1680 4070 incitabatur,
1696 4019 1719 4062 rt
1734 4029 1794 4066 rar-

1006 4077 1153 4134 raboranda
1166 4083 1334 4152 capitationes
1344 4085 1400 4156 ejus
1410 4087 1503 4158 [artem
1514 4106 1571 4146 eum
1584 4094 1704 4166 faciebat.

1272 4189 1361 4264 Vipilii
1375 4198 1517 4265 responsio.

1041 4275 1069 4330 ln
1080 4278 1260 4348 suprascripto
1271 4289 1367 4348 quarto
1381 4285 1509 4353 capitulo,
1524 4289 1586 4356 quia
1598 4289 1650 4346 dici
1665 4293 1792 4366 intelligi·

1007 4374 1059 4430 tur,
1074 4367 1146 4435 quad
1160 4368 1229 4424 sicut
1242 4370 1302 4425 aliis
1316 4371 1469 4429 hominibus
1479 4375 1589 4434 donauit
1602 4397 1678 4437 suam
1693 4401 1793 4456 coope-

1008 4458 1138 4512 rationem
1159 4459 1238 4524 Dens,
1263 4460 1299 4515 ita
1319 4471 1347 4515 et
1367 4463 1392 4516 ei
1415 4465 1461 4532 qui
1481 4476 1632 4540 assumptus
1653 4482 1707 4540 est,
1730 4477 1792 4532 lices

971 4546 993 4603 tt
1006 4551 1176 4620 prmcipuam,
1188 4558 1277 4606 tamen
1292 4553 1416 4608 similiter
1426 4565 1455 4610 at
1466 4557 1525 4613 aliis
1535 4560 1685 4620 bominibus
1696 4567 1792 4623 dicitnr

1005 4656 1065 4696 esse
1080 4641 1221 4707 donatam,
1245 4650 1273 4697 et
1290 4643 1327 4697 ita
1347 4660 1442 4713 purum
1464 4656 1544 4718 atque
1559 4651 1690 4710 irrtlnnonr
1706 4657 1792 4712 linim-

1004 4746 1065 4787 nem
1080 4733 1151 4788 eirca
1165 4735 1317 4803 passionem
1336 4736 1425 4804 angeli
1444 4742 1549 4807 egulsse
1566 4745 1706 4813 praesidia,
1724 4759 1749 4801 ut
1765 4752 1789 4804 ci

1004 4836 1054 4890 pro
1076 4821 1281 4879 corroborandis
1306 4825 1513 4894 cogitationibus
1530 4829 1588 4898 ejus
1602 4833 1689 4888 lutura
1704 4838 1789 4904 gloria
1869 4867 1872 4880 «

1004 4912 1205 4982 promitteretur
1224 4914 1258 4970 de
1277 4916 1420 4972 tolerantia
1439 4920 1587 4990 passionis;
1609 4940 1668 4994 qum
1688 4929 1709 4980 si
1729 4930 1789 4994 «giris

1004 5002 1040 5055 ita
1055 5003 1136 5072 sapit,
1151 5003 1240 5070 docet,
1255 5005 1349 5070 eredit,
1362 5019 1408 5061 aut
1418 5010 1554 5077 praedicat,
1569 5016 1709 5069 anatliema
1724 5017 1767 5070 sit.

1224 5135 1358 5176 rneooom
1374 5137 1524 5178 cartruuuu
1542 5141 1569 5178 r.

1039 5209 1113 5266 Vade
1126 5216 1187 5280 past
1200 5224 1257 5272 me,
1273 5209 1386 5274 Satara,
1401 5212 1557 5267 scandalum
1570 5214 1633 5268 sirini
1648 5229 1694 5275 es,
1714 5219 1786 5287 quand

1002 5318 1055 5356 nan
1073 5303 1145 5372 sapis
1165 5316 1197 5356 ca
1218 5316 1277 5370 quae
1298 5302 1343 5357 Dei
1364 5312 1434 5369 sant,
1456 5304 1503 5359 sed
1520 5319 1552 5358 ca
1570 5319 1630 5372 oum
1649 5307 1786 5362 horninmn

1001 5394 1109 5465 (liattb.
1126 5410 1186 5456 xrs:
1203 5393 1287 5448 liare.
1302 5395 1370 5461 riu),
1386 5411 1437 5449 nan
1451 5396 1616 5466 estrantusia
1630 5398 1692 5451 milri
1706 5416 1784 5458 mars,

999 5506 1052 5543 nau
1071 5490 1142 5559 [ispo
1160 5488 1244 5557 ipsam
1260 5495 1289 5538 at
1306 5485 1462 5539 indecentem
1477 5485 1511 5539 ad
1525 5487 1663 5541 brsmauasn
1676 5490 1784 5559 planiam

999 5580 1147 5650 respiciens.
1165 5576 1301 5632 sustinebo
1316 5582 1401 5625 autem
1415 5576 1513 5631 meliori
1528 5578 1614 5633 anima
1624 5581 1784 5649 experimen·

194 5686 207 5715 ·
225 5672 254 5730 ln
269 5675 378 5733 Caucil.
393 5676 427 5743 V,
444 5680 536 5736 cedet.
555 5684 581 5743 t.
594 5684 690 5740 eadem
704 5667 846 5746 Theodori
856 5705 984 5766 excerpta
998 5694 1085 5766 legas,
1100 5712 1161 5768 qum
1177 5696 1221 5754 liic
1235 5706 1300 5753 sunt
1319 5714 1406 5772 usque
1421 5701 1455 5756 ad
1468 5703 1619 5774 capitulum
1635 5723 1693 5761 suu
1790 5680 1792 5687 ,

319 5775 456 5839 Parnon.
476 5765 589 5839 lsltix.

1616 5802 1632 5862 3
