4059 6184
191 282 253 338 tbbt

460 360 586 441 Κιιιιιιι
609 384 689 439 xtv.

189 481 323 546 deterrendo
337 478 458 532 inlinens
472 476 610 532 vuuunclrua
622 476 678 546 ejus
691 473 729 547 (id
740 480 781 527 est
791 467 891 524 loliani
906 465 985 536 imp.)

262 561 378 615 urortenr,
398 558 537 620 nttteuuuut
553 546 664 609 audiret,
681 540 904 616 prettuntineerit.

225 662 265 717 Eo
279 658 412 731 siquidem
431 668 553 730 ternpore
573 654 792 725 religiosissimus
805 649 989 717 Julianuspo·

189 759 339 823 giromento
351 749 432 817 Saba,
447 749 493 818 qni
507 748 664 815 augelorum
680 742 892 813 incorporalium
906 740 990 795 vitam

190 843 325 915 corporali
336 842 543 899 eorrversatione
554 840 694 893 videbatur
702 836 811 899 imitari,
823 833 990 903 eujvvsetiam

189 940 273 995 vitam
288 932 509 1007 conscripsimus,
540 931 701 1003 prolixiores
715 926 846 985 offerebat
860 926 917 981 tteo
931 938 993 995 pre·

193 1044 248 1093 ces,
269 1042 330 1083 earn
344 1027 415 1082 illins
430 1024 506 1096 impii
520 1024 606 1078 urinas
617 1021 746 1076 audisset.
767 1018 800 1073 Et
813 1033 845 1074 ea
858 1017 925 1072 lrora
937 1028 993 1085 qua

193 1119 238 1174 ille
254 1133 398 1189 percussus
412 1124 464 1184 est,
479 1130 570 1180 orans,
586 1119 702 1168 mortem
715 1109 775 1180 eius
785 1109 840 1163 iste
854 1106 992 1176 cognorit,

193 1209 258 1264 licet
275 1208 416 1280 plusquam
432 1206 524 1276 viginti
543 1205 708 1261 mutationes
729 1203 763 1258 ab
784 1217 817 1258 cu
832 1202 894 1257 loco
909 1214 993 1270 usqne

194 1299 228 1355 ad
242 1299 301 1369 ejus
316 1298 464 1355 exercitum
476 1312 537 1353 esse
550 1296 717 1352 viderentur.
742 1294 825 1348 Aiunt
844 1293 916 1348 enim
930 1292 994 1362 quia

195 1393 259 1449 dnm
272 1392 399 1447 continue
414 1390 612 1460 ingemisceret,
626 1397 655 1445 et
668 1387 794 1445 clementi
806 1386 921 1442 Domino
931 1399 996 1455 sup·

199 1482 327 1552 plicaret,
351 1480 441 1537 subito
456 1480 637 1553 laerymarum
650 1479 711 1551 ejus
724 1476 820 1534 fluvius
843 1477 994 1541 restitisset,

200 1569 350 1643 fuissetque
363 1570 504 1627 alacritate
522 1571 683 1642 completus,
699 1577 727 1626 et
740 1567 798 1639 ejus
812 1568 902 1625 vultns
915 1567 995 1622 eriri-

685 238 686 243 ‘
736 267 896 325 nrsronva
912 262 1132 322 rvrvnaurtra.
1153 265 1256 321 trouu
1276 264 1317 321 vv.

1768 267 1838 323 tutta

1001 378 1141 437 ,tuarrdire
1154 378 1304 445 Sornarss,
1314 378 1357 434 lib.
1372 397 1410 444 ιιι,
1420 397 1477 451 cup.
1495 379 1543 448 t8;
1559 381 1729 440 adiectuim.
1747 383 1835 443 l'uler.

1038 485 1100 533 cun.
1116 470 1163 539 il,
1178 489 1204 542 p.
1223 471 1283 526 tat.

1075 562 1143 618 Cum
1156 564 1237 633 igitur
1251 564 1277 618 in
1290 564 1389 619 dc'serti
1413 565 1472 622 loea
1494 566 1580 639 primo
1600 568 1767 638 captivorum
1789 570 1839 625 lra-

1040 654 1144 709 bnisset
1153 654 1290 717 ducatum,
1303 664 1397 725 postca
1408 657 1515 726 arridani
1527 658 1627 726 senior,
1640 660 1688 714 sub
1702 661 1841 733 selrentate

1041 744 1198 815 proditoris,
1212 760 1242 801 se
1257 746 1283 801 ei
1296 748 1519 817 compendiosum
1537 750 1587 803 iter
1601 751 1745 808 ostendere
1764 767 1841 808 conr·

1042 837 1175 907 promisit.
1190 836 1312 907 Cumque
1324 839 1409 894 tribus
1422 839 1516 895 diebus
1530 841 1698 898 ambulantes
1708 843 1741 899 ad
1754 844 1840 912 majo·

1042 944 1100 985 rem
1114 928 1287 986 solitudinem
1299 931 1446 997 venisseut,
1459 931 1533 986 illum
1546 934 1652 1002 qrridenr
1666 933 1780 993 fustibus
1794 952 1840 993 oc·

1044 1019 1185 1088 eidemin,
1212 1020 1388 1077 confitentem
1415 1021 1468 1078 hoc
1493 1039 1522 1078 se
1551 1023 1645 1080 fecisse
1671 1042 1720 1096 pro
1747 1029 1841 1097 patriar

1043 1110 1180 1178 libertate,
1192 1120 1221 1166 et
1231 1112 1344 1167 libenter
1356 1122 1489 1169 tormenta
1501 1115 1590 1170 omnia
1602 1116 1744 1173 sustinere.
1757 1117 1843 1174 Erer-

1046 1201 1116 1257 citns
1130 1201 1233 1257 interea
1250 1200 1403 1271 Persarum,
1419 1218 1453 1260 ex
1475 1204 1572 1260 itinere
1585 1204 1698 1274 fatigato
1710 1210 1841 1265 exercitui

1047 1291 1231 1348 Romanorum
1244 1294 1328 1349 iratus
1342 1295 1469 1362 occurrit,
1483 1310 1567 1367 seque
1578 1296 1611 1353 ad
1624 1301 1842 1368 congressionem

1046 1384 1130 1455 praelii
1149 1386 1320 1457 preparavit.
1343 1386 1489 1455 soacinen..
1505 1388 1549 1444 fil.
1572 1407 1606 1457 vr,
1622 1408 1680 1463 cup.
1696 1392 1722 1459 l,
1736 1411 1763 1463 p.
1778 1393 1841 1451 655.

1083 1474 1273 1544 Querebautur
1287 1478 1359 1533 cuim
1375 1478 1489 1534 Romani
1509 1479 1543 1536 de
1568 1482 1699 1553 principe,
1725 1500 1774 1542 cur
1796 1503 1844 1543 nu-

1048 1567 1128 1623 luerit
1140 1566 1240 1623 bellurn
1255 1584 1316 1624 curn
1337 1569 1404 1625 lucri
1425 1571 1602 1641 promissione
1626 1572 1713 1630 linire.
1729 1575 1842 1632 Verum·

196 1665 305 1721 laratus.
321 1663 397 1720 llanc
408 1664 491 1719 animi
506 1663 733 1735 permutationem
747 1662 806 1731 ejus
820 1660 935 1716 ministri
950 1673 994 1714 re·
1049 1668 1138 1716 tamen
1151 1660 1239 1717 Persis
1251 1662 1410 1718 instantibus
1420 1664 1592 1734 resistebant,
1604 1665 1639 1720 ita
1648 1673 1677 1720 ut
1690 1666 1845 1738 frequenter

195 1756 351 1826 spicientes,
374 1761 539 1826 rogaverunt
557 1770 619 1811 cnm
634 1768 663 1809 ut
682 1754 722 1809 eis
736 1767 843 1808 eausam
858 1749 991 1821 repentini
1009 1745 1031 1805 li
1046 1758 1216 1807 verterentur
1227 1752 1320 1808 hostes
1334 1753 1360 1808 in
1371 1752 1472 1822 frigam.
1487 1756 1570 1810 Porro
1581 1754 1845 1829 luliannseratpre-

195 1847 285 1917 gaudii
297 1845 472 1917 patefaceret.
484 1846 560 1903 Tune
570 1843 691 1901 illedixit
703 1861 711 1900 a
722 1842 995 1900 Perussacraeriucae
1047 1859 1110 1901 sens
1125 1845 1153 1901 in
1167 1860 1248 1917 equu,
1263 1856 1291 1902 et
1304 1848 1453 1903 exercitum
1467 1849 1647 1915 confutabat,
1663 1851 1773 1906 inermis
1789 1854 1846 1922 qui·

196 1940 353 1994 devastator
366 1953 461 2007 poenas
474 1932 585 1993 exactus
598 1944 640 1992 est
654 1935 813 1990 vastationis
830 1949 896 1997 snae,
909 1933 995 2003 jacet·
1047 1937 1108 1991 dem
1123 1945 1171 2007 sp'e
1182 1936 1316 1993 felicitatis
1329 1952 1384 1993 snae
1394 1954 1568 2008 praesumens.
1582 1937 1731 2008 Secusses,
1743 1940 1788 1996 lib.
1805 1958 1845 2012 nv,

176 2048 250 2102 une
272 2042 403 2097 mortuus,
430 2031 579 2088 terroribus
601 2030 734 2101 minisque
753 2028 906 2085 frustratus.
932 2027 995 2082 llaec

197 2133 376 2194 aprrosecntcs
395 2124 599 2178 exsultaverunt
620 2137 726 2187 ornnes,
752 2121 862 2191 lienqne
881 2121 996 2191 hymnos

198 2213 333 2283 gratificos
348 2213 511 2269 obtuleruut.
529 2212 626 2268 Postea
640 2228 706 2268 reru
721 2227 736 2266 a
749 2211 851 2266 nuntiis
864 2219 906 2266 est
919 2226 995 2267 eorn-

200 2310 306 2371 pertmn
331 2302 454 2358 eamdem
469 2301 552 2358 luisse
571 2302 641 2357 diem
658 2300 737 2357 simul
755 2310 785 2356 et
807 2301 900 2356 boram
923 2301 997 2356 trecis

198 2393 306 2461 iuliani,
321 2410 402 2464 quarn
414 2394 457 2450 ille
467 2395 665 2453 sacratissimus
675 2393 767 2450 senior
778 2393 904 2461 cognovit
914 2401 996 2461 atque

198 2486 331 2556 praedixit.
347 2484 555 2551 Tnsononsrus,
571 2483 615 2541 ttt.
630 2501 672 2551 ut,
683 2502 741 2555 cup.
756 2482 800 2539 ta.
813 2484 885 2538 Edit.
898 2482 995 2539 Ctrrist.

206 2576 292 2631 l'nlea.
307 2593 366 2648 cup.
380 2573 426 2644 il,
441 2594 468 2648 p.
484 2574 545 2631 145.

479 2707 595 2765 caret
615 2709 704 2766 XLVI.

380 2825 418 2879 lie
430 2826 575 2881 inconsulto
585 2823 686 2879 fufinni
701 2825 805 2879 ducatu.

236 2933 314 2990 lllnm
342 2936 433 3004 itaque
457 2950 564 3006 semper
586 2934 737 2991 inconsulte
761 2935 877 3004 gessisse
904 2936 999 2991 mortis

201 3026 397 3081 demonstravit
409 3034 531 3082 caventes.
555 3026 699 3081 Tratrsieus
713 3029 783 3081 eninr
800 3044 860 3082 cum
875 3029 997 3083 exercitu

1046 2043 1106 2099 cup.
1121 2026 1170 2095 {83
1182 2028 1244 2082 edit.
1260 2028 1355 2082 Cltrist.
1371 2026 1459 2083 Valet.
1475 2045 1532 2099 cnp.
1545 2027 1590 2093 il,
1603 2046 1630 2098 p.
1648 2027 1709 2084 tat.

1327 2136 1443 2193 CAPUT
1462 2137 1563 2193 xtvtt.

1278 2228 1316 2284 De
1331 2229 1626 2301 perrutptiouednfinui.

1062 2318 1182 2375 ·Contra
1198 2336 1277 2391 quem
1287 2319 1405 2389 jaculum
1419 2330 1532 2391 repente
1545 2322 1675 2391 delatum,
1691 2322 1846 2381 discurrens

1047 2425 1097 2481 per
1107 2410 1258 2471 brachium,
1272 2410 1297 2464 in
1309 2410 1367 2478 ejus
1389 2409 1459 2464 latus
1483 2409 1637 2465 immersum
1652 2419 1703 2467 est.
1730 2410 1771 2466 lis
1795 2414 1847 2469 troc

1047 2497 1299 2568 vulneresuscepit
1317 2499 1461 2554 terariuum
1475 2499 1544 2553 vite.
1560 2500 1625 2568 Quis
1646 2518 1710 2558 veru
1729 2502 1846 2571 justissi-

1048 2606 1121 2644 rnum
1135 2589 1252 2646 intulerit
1269 2591 1375 2657 tatinus,
1399 2591 1530 2647 haetenus
1554 2593 1702 2663 ignoratur.
1723 2594 1776 2649 Sed
1801 2596 1847 2651 alii

1048 2684 1190 2753 quoiusdam
1205 2683 1375 2737 invisibilium
1390 2684 1442 2739 lroe
1455 2684 1575 2740 intulisse
1589 2683 1693 2751 ferunt;
1715 2687 1759 2741 alii
1781 2702 1847 2743 vcro

1049 2792 1131 2830 virtum
1146 2786 1283 2847 pasturum
1295 2775 1522 2842 lsrnaltclitaruur,
1538 2778 1582 2832 alii
1600 2778 1712 2833 militent
1730 2777 1800 2833 ferme
1820 2787 1849 2835 et

1049 2866 1146 2921 itincre
1158 2866 1305 2934 fatigatum.
1323 2865 1375 2921 Sed
1391 2868 1447 2921 sive
1461 2867 1554 2935 bomo,
1568 2868 1624 2922 sive
1636 2869 1746 2937 augebis
1757 2868 1846 2934 faerit,

1049 2956 1138 3026 palam
1149 2964 1188 3010 cst
1202 2957 1263 3026 quia
1278 2954 1374 3010 divinis
1389 2955 1553 3024 jussionibus
1572 2956 1740 3013 ministravit.
1766 2958 1848 3015 Aiunt

1050 3044 1121 3099 evrini
1137 3045 1198 3115 quia
1214 3044 1277 3099 dum
1293 3044 1387 3100 fuisset
1398 3046 1562 3110 uulneratus,
1582 3063 1646 3101 mox
1662 3062 1769 3103 mannm
1787 3065 1850 3104 sart·

202 3120 313 3174 fluvium
328 3120 373 3187 qui
389 3118 531 3174 limium
546 3118 785 3189 R⁰¹¹¹⁵¹¹¹0l¹¹¹¹¹tl¹¹e
798 3133 880 3189 ‘08⁰³
894 3121 996 3185 dividit,
1012 3121 1035 3186 C
1050 3135 1131 3203 guine
1143 3150 1193 3191 suo
1203 3135 1386 3206 compleverit,
1401 3136 1462 3191 etin
1474 3151 1563 3191 aerem
1575 3135 1730 3207 projecerit,
1739 3138 1847 3195 dicens:

201 3219 314 3280 repente
324 3226 407 3265 naves
419 3210 547 3279 incendit,
561 3227 616 3266 nou
627 3211 742 3267 suadens
753 3212 834 3267 rebus
843 3219 890 3266 aut
900 3214 997 3279 verbis,

201 3303 250 3359 sed
264 3315 364 3370 cogens
377 3302 474 3358 milites
498 3303 622 3371 pruliaci.
649 3305 733 3359 Porro
756 3302 839 3359 dures
858 3304 1000 3361 alacritate

202 3392 346 3463 complcti,
370 3392 527 3448 animabant
542 3393 650 3460 milites,
673 3404 701 3449 et
715 3410 763 3450 eos
777 3411 825 3465 spe
844 3397 918 3450 varia
932 3411 1000 3451 eorr-

203 3487 355 3555 fortabant,
378 3502 459 3557 quam
474 3487 621 3557 imperator
642 3486 803 3552 absciderat,
829 3502 1000 3545 cumeorum

203 3579 387 3636 reversionem
403 3579 518 3634 incensis
533 3579 645 3634 naribus
657 3580 825 3649 abnegasset.
842 3579 930 3651 Super
944 3582 1001 3637 truc

205 3680 368 3726 autemeam
383 3670 519 3726 debuisset
534 3670 609 3725 eibos
623 3670 754 3727 militibus
765 3685 940 3741 congregare,
954 3690 1002 3729 ne·

205 3778 258 3833 qne
271 3760 305 3816 de
319 3761 435 3832 propriis
456 3760 554 3817 sinibus
575 3762 703 3833 praecepit
727 3762 835 3827 afferri,
860 3779 947 3832 neque
968 3764 1002 3821 de

205 3854 375 3910 inimicorum
391 3854 553 3909 abundantia
566 3854 646 3925 jussit
659 3855 759 3925 aliquid
775 3855 932 3925 depraedari.
951 3856 1003 3912 lie·

205 3945 330 4015 linquens
343 3957 408 4014 ergo
422 3945 594 4000 habitabilem
609 3948 692 4015 viam,
707 3948 836 4018 pergebat
849 3964 899 4020 per
909 3948 1002 4005 solita·

206 4038 277 4093 dinis
296 4037 357 4095 loca
370 4057 377 4093 a
390 4038 434 4094 ubi
458 4047 486 4094 et
504 4039 565 4093 cibo
586 4047 614 4095 et
638 4048 704 4110 putu
727 4041 826 4097 milites
840 4041 1001 4109 defraudati,

207 4138 236 4185 et
244 4128 326 4184 duces
333 4127 437 4184 itineris
448 4143 501 4183 non
512 4128 653 4195 babentes,
668 4129 715 4187 sed
723 4140 848 4187 errantes
859 4133 885 4186 in
896 4132 1002 4187 deserta

207 4219 359 4291 provincia,
385 4218 575 4289 sapientissimi
592 4220 719 4291 principis
732 4235 867 4290 agnovere
880 4222 1002 4278 consilia.

208 4308 417 4377 Tirsonnnerns
434 4311 479 4365 tit.
504 4326 543 4378 ur,
559 4326 618 4383 cap.
641 4309 686 4365 20.
702 4309 775 4366 Edit.
796 4310 892 4369 Claritt.
917 4312 1003 4368 feles

209 4417 268 4471 cap.
280 4398 324 4466 2²5,
339 4419 366 4471 p.
381 4400 443 4456 tab.

1050 3223 1171 3290 Galilaee,
1183 3226 1279 3281 vicisti.
1296 3224 1329 3280 Et
1342 3227 1368 3280 in
1383 3241 1416 3280 co
1428 3224 1485 3296 ipso
1495 3226 1634 3282 corrfessns
1647 3237 1688 3283 cst
1700 3245 1760 3284 cnm
1776 3229 1849 3284 bias·

1050 3318 1158 3390 phemia
1180 3318 1332 3373 victoriani.
1354 3316 1561 3383 Turonoaerus,
1585 3318 1629 3373 tit.
1657 3336 1696 3385 nr,
1715 3336 1773 3392 cup.
1793 3320 1848 3389 203

1051 3409 1115 3466 edit.
1129 3409 1225 3464 Clerist.
1245 3407 1332 3463 Voles.
1349 3427 1407 3480 cup.
1419 3407 1462 3473 25,
1475 3427 1501 3480 p.
1517 3408 1579 3465 ild.

1087 3504 1213 3560 Callistus
1231 3500 1334 3570 uineta,
1356 3503 1401 3573 qui
1424 3503 1495 3558 inter
1518 3503 1661 3559 familiares
1680 3505 1851 3576 imperatoris

1053 3594 1263 3656 tnncmilitabat,
1275 3596 1422 3650 etheroico
1430 3595 1573 3665 versucias
1583 3597 1741 3667 eorrscripsit
1764 3598 1850 3652 bisto-

1053 3687 1129 3751 riam,
1143 3674 1181 3739 aii
1196 3700 1257 3739 eum
1272 3702 1287 3740 a
1307 3683 1431 3741 daemone
1449 3686 1630 3753 vulneratum,
1654 3686 1736 3743 fuisse
1755 3687 1852 3744 defun·

1053 3782 1138 3830 etum.
1164 3772 1285 3829 Julianus
1308 3790 1373 3845 crgo
1400 3783 1497 3846 ‹puarto
1520 3775 1663 3831 currsnlatu
1686 3793 1736 3832 suo
1764 3777 1851 3848 (tum

1054 3864 1132 3922 Dnm.
1148 3866 1211 3938 aas)
1224 3882 1304 3937 quem
1319 3865 1440 3923 ediderat
1453 3883 1514 3923 cum
1529 3867 1658 3937 Salonio,
1670 3878 1745 3924 sexta
1758 3869 1852 3927 dieiu·

1055 3960 1091 4015 nii
1106 3962 1215 4028 mensis,
1228 3962 1254 4015 in
1272 3960 1379 4017 Persica
1401 3961 1512 4031 regione
1536 3960 1678 4019 defunctus
1701 3971 1753 4028 est,
1780 3979 1853 4020 anno

1055 4054 1135 4109 tertio
1146 4055 1251 4125 imperii
1265 4055 1316 4119 sni,
1332 4054 1446 4125 septimo
1458 4068 1522 4109 veru
1533 4068 1567 4108 ex
1581 4069 1636 4123 quo
1652 4053 1767 4109 Casara
1780 4053 1853 4110 Corr-

1055 4147 1154 4202 stantiu
1178 4146 1265 4201 fuerat
1279 4146 1427 4211 ordinatos.
1442 4146 1504 4202 rite
1517 4137 1589 4202 anno
1603 4146 1738 4204 tricesimo
1753 4148 1853 4220 primo.

1056 4233 1207 4300 Suenams,
1220 4234 1266 4291 dt.
1284 4252 1320 4302 m,
1336 4253 1395 4307 cup.
1421 4236 1469 4304 l8;
1492 4237 1555 4292 edit.
1571 4234 1667 4291 Clerirt.
1684 4236 1771 4292 Vnica.
1793 4251 1853 4309 rap.

1056 4326 1100 4395 21,
1115 4345 1143 4397 p.
1159 4325 1221 4383 195.

1335 4396 1450 4454 carba
1467 4396 1581 4453 xbt'ltt.

246 4494 327 4565 299
341 4491 438 4547 blattas
449 4494 542 4562 itaque
556 4492 629 4549 tiens
641 4501 783 4565 castraque.
797 4494 935 4559 detinens,
948 4494 1004 4564 jam
1019 4490 1046 4553 D
1145 4489 1210 4556 mm
1222 4490 1316 4563 menie
1324 4499 1385 4561 post
1399 4500 1505 4544 mortem
1516 4490 1573 4561 ejus
1586 4490 1696 4546 incente
1706 4491 1769 4547 siut.

210 4588 292 4641 etiarn
305 4586 430 4641 civitates
444 4586 577 4657 capiebat.
588 4584 835 4657 Cumqueveuisset
844 4586 1007 4659 Ctesiphon·

212 4686 267 4732 tem
284 4677 433 4743 civitatem,
459 4678 593 4733 intantum
607 4677 712 4734 obsedit
734 4692 836 4748 regem,
857 4688 886 4735 ut
905 4678 1009 4737 crebris

212 4766 389 4837 legationibus
414 4778 565 4824 uteretur:
590 4767 708 4824 offerens
731 4766 798 4825 dare
827 4786 884 4826 suae
912 4772 1008 4843 petrice

214 4867 332 4930 partem.
367 4860 389 4915 si
428 4859 532 4915 solutus
564 4860 636 4915 bello
659 4856 818 4916 discederet.
853 4860 931 4929 erud
963 4863 1009 4919 ille

213 4948 310 5012 noluit,
336 4963 424 5019 neque
445 4948 658 5019 supplicantibus
681 4956 723 5005 est
746 4949 905 5019 miseratus;
922 4968 1010 5022 neque

215 5049 306 5096 metite
329 5041 462 5111 percepit,
481 5043 553 5113 quod
576 5042 685 5098 viruere
702 5042 811 5112 quidem
831 5046 932 5102 bouum
957 5055 1009 5113 est,

216 5134 408 5203 supervincere
433 5134 511 5188 nimis
525 5133 687 5189 invidiosum
708 5152 715 5188 r
738 5137 854 5191 eredens
877 5140 1012 5209 precipue

217 5223 328 5293 magicis
343 5223 455 5288 artibus,
468 5238 536 5293 quas
551 5224 575 5279 ei
591 5223 721 5281 bladinus
738 5226 914 5300 plrilosopbns
933 5229 1011 5285 exbi-

216 5319 309 5385 bebat,
324 5327 352 5375 et
365 5320 509 5375 arbitratus
522 5320 668 5375 Alexandri
683 5320 840 5377 Macedonis
855 5336 886 5378 se
898 5321 1012 5391 gloriam

217 5419 419 5481 percepturum,
434 5418 480 5465 aut
494 5418 569 5466 certe
581 5410 725 5481 potiorem.
747 5411 863 5467 Putabat
879 5413 951 5468 eninr
970 5427 1015 5469 se-

217 5502 335 5556 cundnm
359 5500 560 5574 Pyrtngoraam
581 5501 755 5573 Platonisque
777 5503 955 5572 senteutiam,
981 5519 1015 5560 er

219 5594 367 5671 motatione
378 5600 522 5663 corporum
537 5594 682 5651 Alexandri
697 5593 813 5650 animam
824 5610 854 5651 se
868 5595 1016 5666 possidere,

220 5693 268 5739 aut
281 5699 340 5741 csse
355 5685 444 5756 potius
458 5685 484 5740 iu
499 5687 584 5743 altero
596 5702 710 5758 corpure
722 5687 791 5744 alius
806 5686 1018 5744 Alexandrum

223 5776 292 5833 trane
317 5775 407 5851 itaque
430 5792 541 5833 causam
556 5776 701 5836 Persarum
719 5777 790 5849 regis
812 5776 898 5833 trulnit
924 5790 1018 5849 preces

1095 4580 1254 4651 Posterius
1275 4591 1392 4637 mortem
1412 4580 1471 4651 eius
1496 4580 1589 4650 rvtagie
1614 4590 1760 4652 compertae
1781 4589 1854 4637 sunt.

1059 4673 1143 4730 Carra
1153 4689 1269 4744 namque
1281 4673 1376 4729 civitas
1389 4681 1432 4730 est
1445 4672 1575 4728 hactenns
1590 4673 1735 4743 impietatis
1749 4671 1808 4741 ejus
1818 4689 1858 4727 re·

1060 4769 1157 4839 liquias
1176 4767 1287 4822 babens.
1309 4764 1360 4821 Per
1375 4766 1445 4822 lianc
1462 4768 1514 4821 iter
1537 4779 1629 4834 agens,
1658 4765 1784 4835 qnoniam
1810 4781 1860 4835 per

1060 4858 1188 4915 Edessam
1203 4869 1313 4930 propter
1324 4860 1374 4930 prim
1392 4858 1529 4928 religionis
1554 4858 1655 4914 cultum
1676 4856 1790 4911 transire
1810 4872 1859 4910 uo·

1061 4952 1158 5016 luerat,
1172 4953 1198 5007 in
1210 4951 1426 5023 tcmplnnrqnod
1441 4951 1577 5022 apaganis
1590 4949 1689 5004 colitur
1703 4956 1743 5003 est
1757 4947 1859 5018 ingres·

1062 5058 1118 5100 sas.
1145 5041 1197 5099 Ubi
1222 5041 1287 5097 dum
1308 5041 1430 5113 quatiam
1459 5057 1520 5095 curn
1544 5040 1599 5096 suis
1619 5039 1789 5094 causortibns
1816 5054 1861 5093 sa·

1064 5135 1175 5204 erilcgia
1206 5134 1383 5203 celebrasset,
1410 5133 1507 5204 januas
1530 5140 1557 5187 et
1580 5132 1695 5187 claustra
1719 5131 1860 5202 disposuit,

1063 5234 1092 5282 ct
1111 5225 1243 5295 quosdam
1259 5226 1295 5280 ibi
1311 5224 1410 5278 milites
1424 5224 1570 5279 obseruare
1586 5223 1726 5293 pracepit,
1750 5231 1779 5275 ut
1793 5222 1862 5277 inte·

1065 5317 1121 5374 rius
1135 5317 1224 5373 nulius
1236 5316 1388 5377 accederet.
1400 5313 1489 5369 donce
1501 5315 1558 5383 ipse
1576 5322 1719 5369 remearet.
1740 5312 1863 5383 Cumque

1066 5409 1300 5470 mortuusiuisset,
1312 5416 1340 5462 et
1351 5407 1434 5477 impio
1445 5403 1517 5476 pium
1525 5406 1700 5461 successisset
1709 5404 1862 5475 imperium,

1067 5502 1250 5573 ingredientes
1268 5500 1295 5554 in
1313 5500 1441 5571 templum
1463 5499 1623 5554 invenerunt
1645 5498 1712 5553 mira
1735 5497 1864 5569 principis

1068 5592 1222 5658 simulacra,
1238 5589 1350 5659 civisque
1363 5588 1522 5660 sapientiam
1537 5598 1565 5644 ct
1579 5588 1784 5644 farrnosissimaur
1806 5588 1863 5658 pie-

1070 5690 1164 5740 tatem.
1178 5679 1311 5737 Viderunt
1329 5678 1399 5735 enirn
1420 5677 1560 5734 mulierem
1583 5678 1685 5752 capillis
1707 5691 1864 5748 appensam.

1070 5785 1197 5835 extensas
1209 5771 1352 5830 lrnbeutem
1367 5784 1471 5838 nauus,
1495 5769 1572 5842 cnjus
1585 5780 1692 5828 ntcruru
1713 5773 1866 5844 aperuerat,
