4059 6184
141 341 192 397 425
825 334 1087 396 enoteuouens.
1721 346 1773 403 ιιι

137 452 289 509 ctissimum
310 448 489 507 cassiodorum
512 447 575 503 huic
592 446 712 505 admovit
730 447 836 515 ofllcio;
852 449 929 518 cuius
942 456 968 514 A
980 452 1088 507 virtutis
1103 452 1229 507 meriture
1241 451 1379 517 habuerit,
1395 469 1475 511 nemo
1489 456 1640 518 mirabitur,
1655 434 1702 528 qui
1714 459 1774 515 haec

136 538 209 579 otrus
224 537 273 592 pre
287 520 416 590 dignitate
430 534 491 574 eum
506 519 659 586 sustineret,
673 520 745 591 regis
758 519 929 590 prudentiam
980 520 1129 577 athalarici
1155 523 1237 578 verba
1264 524 1424 594 expenderit
1449 525 1594 599 (ibidemlz
1620 526 1682 583 Neu
1704 532 1773 585 enim

137 595 166 648 in
179 592 330 648 honoribus
355 589 540 661 impertiendis
562 589 725 658 singularem
747 591 929 662 unusquisque
979 594 1099 661 proprios
1122 592 1189 661 (ιιιι
1202 592 1249 648 sub
1262 594 1350 649 tentia
1375 597 1488 719 efflantes
1510 598 1656 663 custodiuit,
1671 602 1776 670 mande

136 662 266 718 laudavit.
282 661 342 728 Quo
363 661 474 731 propius
495 659 528 714 ad
554 660 655 730 regiam
681 659 858 728 majestatem,
873 676 929 716 suae
980 663 1145 716 conscientie
1167 672 1218 719 tute
1231 674 1332 718 constat
1346 682 1389 719 cre
1418 678 1481 731 turn,
1496 668 1590 738 quoda
1603 670 1691 724 mattis
1712 688 1774 741 pre·

136 733 213 788 illum
223 731 360 801 dignitatis
373 729 531 789 sustollente
541 732 633 797 g'radu,
646 728 763 785 Senator
774 730 927 799 accedebat,
979 731 1079 786 ceribm
1095 735 1143 798 tuit
1156 734 1328 789 sincerissime
1338 737 1523 807 peraqendum.

136 818 171 858 eo
184 804 268 871 ungis
282 802 421 857 crescebat
435 800 577 869 singularis
591 801 616 854 in
631 815 693 855 eum
705 801 832 870 principis
841 815 927 866 amor,
1019 802 1033 874 ἦ
1050 801 1140 858 livttt.
1153 801 1177 855 F
1179 805 1199 857 it
1210 805 1345 875 prefectus
1355 810 1477 876 pretoria
1487 806 1774 865 Cassiodorusiitinde

133 888 217 944 qnern
240 873 290 942 ipsi
314 871 532 940 acceptissimum
546 868 677 924 reddebat
702 871 808 925 animus
826 871 929 926 avitiis
980 869 1015 925 ad
1031 872 1147 941 pretorii
1158 873 1470 943 prefecturamculmen
1483 877 1592 937 honoris
1603 879 1773 945 altissimum,

133 944 249 997 alienus.
264 941 331 997 ilinc
346 940 517 996 htlraiaricus
531 939 609 1011 (Ver.
625 939 777 1011 tib.1x,ep.
793 938 858 1009 etl:
882 940 926 996 l'i·
980 952 1091 998 evectus
1105 951 1147 998 est
1160 960 1168 995 ε
1185 944 1211 998 in
1226 959 1280 1013 quo
1294 946 1469 1001 constitutum
1487 962 1541 1002 non
1560 963 1625 1003 arira
1646 950 1773 1005 vanitatis

132 1010 249 1076 deteris,
265 1012 360 1080 iuquit,
374 1011 520 1082 aequissime
542 1011 654 1079 principi
684 1012 780 1065 loriesu
792 1010 930 1066 dilectione
980 1010 1090 1079 amavit,
1103 1013 1213 1081 qurerel
1222 1015 1369 1071 nobiliores
1380 1017 1483 1072 animos
1495 1017 1566 1071 solet
1579 1019 1771 1088 perstringere:

132 1083 258 1145 sociante,
274 1084 334 1152 quie
360 1098 418 1135 cras
440 1097 458 1133 e
481 1082 550 1134 uitiis
577 1028 704 1149 probabili
724 1080 928 1149 sequestratione
980 1079 1063 1135 Nullo
1073 1084 1174 1154 quippe,
1189 1094 1218 1155 ut
1230 1082 1357 1154 plerisque
1371 1088 1449 1141 moris
1462 1096 1511 1150 est,
1526 1088 1608 1142 elatus
1619 1090 1705 1159 fauore
1715 1090 1773 1159 tor·

131 1154 240 1207 diuisus.
254 1150 347 1223 ltaque
358 1152 384 1205 in
395 1158 529 1221 questore
539 1165 589 1204 suo
598 1166 646 1207 rex
657 1150 805 1205 mirabatur
815 1165 928 1205 vacuam
980 1159 1050 1206 tune
1059 1154 1086 1206 in
1097 1153 1249 1208 cetlrnrnum
1260 1171 1288 1208 se
1299 1172 1340 1208 mn
1360 1172 1401 1210 ner
1411 1158 1544 1226 potestatis
1558 1161 1654 1224 cresin
1670 1160 1773 1229 erajore

132 1224 208 1276 orsini
222 1223 370 1291 cupiditate
395 1221 491 1274 trientis
507 1220 705 1288 integritatem,
731 1229 760 1275 et
772 1235 928 1275 sermonum
978 1219 1028 1275 sibi
1043 1222 1074 1276 de
1097 1239 1125 1276 se
1139 1224 1303 1294 secitoptari
1347 1243 1390 1281 um
1413 1228 1483 1280 intre
1496 1228 1628 1284 modestia
1648 1231 1771 1283 terminos

132 1291 194 1359 ejus
219 1292 325 1362 lepores
339 1291 535 1345 amoenissimos
555 1290 648 1345 avidus
660 1291 834 1362 excipiebat:
851 1289 886 1345 Te
899 1292 927 1346 in
979 1308 1074 1362 meqrra
1090 1292 1202 1346 retribuit
1216 1292 1290 1363 (ιιι.
1306 1310 1332 1356 ι.
1352 1312 1393 1366 ep.
1410 1295 1454 1366 ι).
1468 1295 1532 1352 Hcec
1550 1300 1717 1368 aequabilitas
1730 1307 1772 1353 at·

131 1361 317 1416 dictationibus
330 1376 467 1422 amenum,
481 1361 652 1430 prosequitur
662 1361 839 1429 Athalaricns,
855 1369 880 1413 te
893 1361 928 1415 ad
978 1377 1032 1432 que
1046 1363 1195 1417 moderatio
1215 1377 1267 1433 qua
1295 1364 1432 1434 indignum
1459 1381 1488 1422 se
1512 1369 1593 1423 tantis
1616 1369 1772 1425 muneribus

127 1432 262 1502 justitiam
277 1433 398 1502 medum,
415 1430 540 1483 retrabuit
562 1447 578 1483 a
603 1431 786 1501 cupiditatibus
801 1431 925 1486 etenum.
979 1432 1123 1499 sentiebat,
1144 1433 1215 1488 hand
1241 1434 1396 1490 retardabat
1421 1437 1519 1492 mentis
1546 1438 1715 1493 devotionem
1743 1440 1772 1495 in

131 1500 309 1569 iitigantium
334 1501 455 1555 actiones
473 1500 650 1569 querelasque
664 1501 736 1556 iliius
748 1500 851 1570 judicio
865 1516 927 1570 per·
978 1502 1063 1571 gloria
1079 1504 1215 1574 principis,
1231 1511 1260 1559 et
1273 1505 1422 1561 commodis
1441 1507 1609 1563 subditorum
1629 1524 1773 1578 praeuren-

130 1572 208 1627 misit
235 1570 406 1627 dirimendas.
433 1590 443 1623 ι
461 1569 690 1640 interpellantium
714 1579 740 1626 to
762 1571 927 1641 ponderibus
977 1573 1030 1627 dis.
1044 1571 1094 1639 Qui
1110 1588 1243 1643 propensa
1266 1575 1388 1631 bonitate
1409 1577 1436 1631 in
1450 1579 1653 1646 provincialium
1668 1580 1772 1635 animos

130 1641 349 1711 sapientissimus
356 1642 457 1695 arbiter
469 1641 617 1707 ortcrahat;
632 1649 789 1709 metumque
800 1641 834 1695 de
844 1642 926 1696 animi
978 1642 1109 1698 induebat
1119 1644 1246 1710 suaviter,
1263 1645 1446 1717 militibusque
1460 1648 1606 1702 verendum
1618 1664 1648 1702 se
1660 1658 1772 1718 praesta-

130 1713 170 1766 ιιι
194 1713 301 1781 cognita
316 1711 510 1781 disceptatione
524 1712 703 1781 presumpsit,
719 1718 748 1765 ut
762 1712 788 1765 in
800 1710 926 1767 beneficii
977 1712 1025 1767 bat
1041 1731 1048 1766 :
1066 1712 1129 1767 Fuit
1139 1714 1235 1784 itaque,
1249 1716 1369 1785 utstt'tis,
1384 1718 1507 1771 militibus
1521 1720 1656 1784 uerendus,
1668 1720 1773 1789 prouin-

130 1783 242 1846 foenm,
270 1790 344 1836 tunm
373 1790 515 1850 prestaret
544 1781 718 1836 aestuantibus
743 1782 802 1837 siue
836 1782 925 1850 aliqua
977 1783 1085 1837 cialibus
1097 1783 1248 1851 mitislhib.
1264 1802 1282 1850 1,
1303 1803 1344 1857 ep.
1360 1787 1527 1857 tttnsnnae
1538 1788 1696 1844 adeotenax
1712 1788 1772 1857 fuit,

129 1853 307 1908 cunctatione
317 1851 446 1922 judicium
460 1850 605 1924 (ιιιιιιιι).
623 1871 633 1904 ι
664 1852 808 1906 Sordidum
823 1852 925 1908 uenalis
942 1833 962 1892 Β
978 1863 1008 1907 ιι
1023 1870 1082 1909 cum
1097 1856 1156 1924 quis
1172 1855 1217 1909 fite
1231 1857 1416 1920 contenderet,
1432 1859 1560 1912 arbitrum
1585 1874 1672 1914 cansa}
1696 1858 1772 1915 illum

128 1923 216 1977 animi
231 1931 361 1993 quaestum
376 1937 473 1977 erosas
482 1923 606 1988 Senator,
620 1921 730 1992 parandi
741 1937 807 1991 opes
819 1921 925 1977 allicio·
977 1933 1102 1994 optaret,·
1117 1934 1144 1979 et
1157 1928 1279 1996 quamvis
1294 1928 1393 1981 tributa
1409 1929 1564 1998 imponendi
1587 1943 1695 1995 munus,
1721 1944 1771 1997 po·

129 2009 193 2047 rum
213 1993 349 2047 ιιιιιιιιιι
368 1994 437 2047 riam
452 1993 570 2061 iniquam
585 2009 715 2063 nusquam
736 1992 856 2057 tentarit,
870 1994 923 2046 vir·
977 1996 1047 2063 pulis
1060 2011 1183 2060 exosnnr,
1201 2004 1338 2061 tractaret,
1354 2012 1386 2052 ea
1410 1999 1523 2066 singulis
1547 2008 1620 2054 tanta
1642 2001 1771 2069 aequitate

129 2065 198 2117 tutis
212 2063 381 2118 honestatem
396 2064 523 2133 perituris
534 2062 611 2124 horris
631 2064 709 2129 longe
735 2071 923 2132 anteponens:
976 2064 1161 2135 dispensabat,
1177 2073 1206 2120 ιιι
1220 2082 1299 2121 ιιιιιιι
1323 2069 1430 2134 gravari
1446 2084 1475 2123 se
1489 2070 1626 2124 taxatione
1639 2084 1771 2138 querere·

131 2152 139 2183 ι
159 2132 298 2188 Βιιιιιιιι
312 2134 404 2203 ipsius,
418 2134 522 2188 scilicet
535 2132 707 2196 Theoderici,
732 2134 804 2186 nulla
819 2133 923 2187 abomi·
976 2142 1030 2200 tur,
1046 2151 1126 2190 ιιιιιιι
1136 2135 1242 2191 ιιιιιιι
1252 2137 1425 2192 detrectaret.
1440 2138 1515 2193 lianc
1524 2141 1677 2209 aequitatem
1692 2153 1772 2209 egre·

127 2204 215 2257 nabili
231 2203 368 2259 taxatione
385 2204 573 2269 vendenessa
594 2205 682 2258 horror
703 2203 750 2257 tibi
768 2202 802 2257 ad
816 2204 923 2272 opinio·
976 2206 1019 2272 gie
1032 2205 1123 2259 laudat
1146 2204 1329 2261 Theodericus
1342 2207 1421 2278 (Ver.
1439 2208 1485 2263 fib.
1502 2225 1530 2275 ιι,
1546 2226 1587 2277 cp.
1603 2210 1631 2281 5)
1648 2228 1655 2262 ι
1670 2209 1771 2264 Cuncta

128 2275 172 2329 nis
184 2273 292 2329 divitias
303 2273 525 2345 proficeret,dnrn
538 2273 649 2329 minime
659 2274 745 2342 pretio
759 2273 922 2341 subjaceret.
975 2276 1081 2345 praeite
1095 2274 1281 2345 gubernatione
1303 2277 1452 2347 disponens,
1475 2280 1610 2333 ostendisti
1628 2295 1705 2351 quam
1718 2280 1772 2334 leue

127 2341 197 2397 Erat
207 2344 296 2413 piane,
311 2344 384 2413 qnod
398 2346 424 2398 in
451 2354 477 2398 te
491 2343 650 2413 predicaret
664 2344 793 2398 eximium
806 2344 924 2399 ιιιιιιιι
975 2348 1009 2398 sit
1029 2345 1158 2417 stipendia
1174 2346 1220 2398 snb
1231 2345 1328 2416 judicis
1347 2349 1405 2414 inte,
1419 2350 1494 2402 ritate
1508 2349 1665 2418 dependere,·
1682 2350 1770 2404 stultus

126 2413 162 2468 ad
188 2416 367 2481 promerenda
391 2413 518 2469 bevrcfieia
548 2414 676 2479 patulum,
703 2423 731 2468 ιι
752 2422 845 2468 ιιιιιιι
859 2414 924 2467 ritis
975 2416 1045 2468 euim
1068 2416 1318 2485 qrananterobtutit,
1341 2366 1469 2487 qunabsab
1494 2420 1615 2491 equitme
1637 2421 1768 2489 pernotuit.

128 2484 288 2553 cupiditatis
311 2485 479 2539 obstructum
495 2484 635 2555 (ibidem).
655 2503 664 2534 s
681 2482 744 2539 ileo
766 2498 830 2537 sanc
846 2498 924 2553 acque
975 2484 1043 2551 Qua,
1059 2501 1161 2556 queso,
1185 2495 1262 2553 putas
1289 2487 1398 2541 solertia
1425 2489 1565 2557 praeditum
1593 2490 1715 2560 eumqui
1731 2491 1771 2545 sic

128 2555 223 2608 animo
248 2555 294 2622 qni
307 2555 465 2624 perpendet,
482 2556 552 2609 haud
567 2554 675 2608 dubium
695 2555 758 2622 quin
783 2569 844 2607 eam
873 2553 924 2622 ipsi
975 2556 1050 2610 nevit
1068 2554 1201 2626 stipendia
1214 2556 1329 2627 juraque
1344 2558 1470 2627 principis
1483 2573 1544 2613 cnm
1558 2560 1657 2614 devoto
1680 2575 1769 2631 popu-

127 2622 217 2678 landis
241 2625 502 2679 eomnrendationear
518 2632 636 2688 asserat,
652 2640 733 2693 quarn
758 2624 785 2677 in
800 2622 924 2678 olleundo
964 2624 1062 2679 -lornrn
1078 2626 1207 2693 obsequio
1233 2641 1408 2696 componere,
1424 2637 1453 2682 nt
1477 2643 1565 2697 neque
1580 2630 1660 2694 illius,
1682 2644 1770 2698 neque

126 2695 274 2764 quaestoris
284 2696 354 2761 apud
367 2710 456 2762 regern
469 2704 497 2748 et
510 2694 631 2749 subditos
642 2704 682 2749 est
697 2695 868 2762 prorueritus.
976 2698 1071 2748 ιιιιιιιιιι
1086 2697 1176 2749 ollium
1199 2697 1388 2764 contraheret,
1404 2699 1525 2768 quinimo
1545 2708 1681 2767 gratanter
1695 2698 1769 2756 taos·

167 2764 184 2835 §
200 2763 282 2818 xtlt.
294 2763 601 2835 dfaqistcriidiqnitntcm
612 2764 663 2818 ebrt
677 2762 857 2817 Cassiodorus.
867 2762 925 2819 llnc
976 2775 1034 2820 rerrt
1051 2766 1158 2829 ιιιιιιιιι,
1174 2766 1326 2889 ιὶιιιιιιιιιι
1345 2769 1442 2837 osigia
1458 2770 1578 2838 principe
1593 2785 1646 2824 non
1661 2770 1769 2837 ignora-

125 2835 248 2902 pertinet
269 2837 352 2902 quod,
374 2835 447 2889 ιιιιιι
463 2838 489 2889 ιι
511 2835 579 2903 grati
599 2834 681 2889 arrirni
697 2834 922 2893 testificationem.
974 2840 1057 2890 ιιιιι
1072 2836 1164 2890 tarreit
1195 2853 1251 2901 erre,
1267 2839 1348 2891 verba
1362 2846 1424 2892 sunt
1435 2838 1596 2895 Theoderici
1612 2839 1680 2909 (ιιι.
1693 2856 1712 2905 ι,
1725 2857 1769 2910 ep.

124 2911 293 2973 quaestorem
308 2905 461 2972 integritate
476 2905 643 2960 notissimum
660 2905 761 2959 Ιιιιιιιι
776 2904 922 2972 nvrrgisterii
975 2904 1016 2975 ι),
1029 2922 1085 2958 erare
1101 2910 1276 2960 runiecrserum
1287 2908 1388 2977 qnudiis
1396 2919 1483 2963 nostre
1492 2910 1643 2980 compendia
1654 2926 1664 2964 .·
1674 2910 1769 2966 teretia

125 2973 220 3029 ail'eeit
236 2973 429 3039 Theodericus,
447 2984 563 3029 testante
574 2974 729 3028 Attralarieo
740 2973 814 3044 (ιιι.
826 2990 863 3038 ιι,
880 2992 922 3035 eu.
974 2979 1122 3045 nannificus,
1138 2986 1162 3031 et
1173 2978 1243 3047 jrtste
1263 2978 1418 3033 soteerttibus
1431 2981 1571 3050 qrntlosus.

125 3042 192 3114 ιι).
212 3043 351 3098 Veniamus
366 3045 400 3097 att
415 3047 590 3115 magisteriam
603 3044 764 3114 diqnitatent.
780 3059 857 3113 quam
871 3060 923 3097 uon
1011 3047 1085 3101 Αιιο
1102 3049 1237 3101 beneficus
1250 3048 1276 3102 in
1288 3064 1381 3103 omines
1397 3048 1676 3118 terruassionorusnt
1686 3049 1769 3105 dandi

124 3116 245 3181 pecnnia
267 3116 398 3185 torpente,
413 3116 458 3169 scd
474 3132 573 3169 ntorum
588 3117 699 3168 nosceris
714 3114 840 3185 srrffraqie
859 3130 922 3167 con·
974 3130 1055 3184 quarn
1078 3119 1226 3186 aecipiendi
1252 3119 1330 3185 longe
1353 3120 1468 3185 avidior,
1482 3119 1603 3188 judicum
1627 3125 1769 3175 damnaret

124 3194 240 3237 secutus.
254 3185 293 3237 hd
304 3201 365 3238 euru
377 3188 422 3255 qui
432 3184 511 3252 hujus
524 3186 643 3239 tanneris
653 3184 811 3252 fungebatur
821 3184 921 3251 allicio,
937 3205 957 3262 C
975 3188 1115 3241 avaritiam
1130 3189 1175 3255 qui
1191 3189 1345 3242 nrrrneribus
1365 3190 1492 3243 clientum
1506 3189 1662 3255 dignitatem
1678 3190 1768 3261 iuqui-

125 3252 221 3322 pafatii
236 3255 385 3323 disciplina,
408 3271 551 3310 causarum
577 3255 690 3325 prouidus,
713 3256 799 3309 aliena
811 3253 921 3322 judicia,
975 3265 1042 3311 narrt
1058 3275 1065 3309 :
1079 3256 1159 3311 desidi
1175 3259 1276 3325 aridus,
1290 3259 1433 3329 accipiendi
1449 3260 1610 3330 fastidiosus.
1624 3260 1767 3330 Nunquam

124 3324 290 3378 veredorum
304 3341 379 3389 eura,
395 3333 460 3390 etc,
474 3327 627 3394 pertinebat
643 3341 650 3378 ε
670 3340 718 3394 per
734 3340 797 3379 eum
811 3333 922 3379 senato·
974 3329 1016 3381 vir
1034 3342 1153 3381 sunrrnus
1167 3329 1308 3382 criminum
1330 3329 1492 3399 contagione
1514 3340 1632 3385 mentem
1658 3331 1768 3386 illaesam

124 3409 171 3448 res
198 3395 256 3462 regi
272 3396 512 3463 praesentabantur,
528 3396 676 3464 legatorum
696 3393 826 3453 adventus
852 3409 921 3463 prae·
974 3398 1007 3451 ad
1018 3398 1252 3452 virtutisarnorem
1265 3414 1319 3452 non
1329 3401 1462 3456 convertit
1474 3416 1480 3451 ε
1492 3401 1633 3456 detestator
1640 3402 1766 3465 criminis,

125 3463 318 3525 nuntiabatur:
334 3464 448 3534 denique
472 3466 542 3519 inter
556 3462 731 3535 praetorianas
744 3463 879 3528 cohortes,
895 3474 923 3519 et
974 3474 1076 3521 ametor
1090 3468 1227 3538 equitatis.
1244 3468 1309 3534 Quis
1330 3469 1411 3535 igitur
1437 3471 1578 3525 mirabitur
1595 3473 1667 3542 qumi
1693 3480 1768 3527 recte

125 3534 239 3589 urbanae
254 3534 419 3604 praefecturae
432 3536 530 3590 milites
541 3536 657 3590 habebat
672 3537 825 3604 primatum.
840 3536 922 3590 beno
972 3536 1104 3591 factorum
1121 3539 1179 3605 eius
1190 3539 1216 3592 in
1231 3538 1354 3593 obeunda
1369 3540 1526 3607 praefectura
1546 3543 1675 3595 memoria
1690 3541 1766 3611 prin-

65 3606 68 3611 ’
124 3619 188 3657 cum
204 3604 237 3658 ad
259 3605 312 3659 hoc
326 3606 432 3660 culmen
455 3606 520 3661 solis
544 3606 672 3660 virtutum
686 3604 813 3673 gradibus
835 3604 922 3659 elatus
974 3607 1041 3675 cipis
1056 3608 1174 3661 animum
1189 3607 1300 3662 mirilico
1314 3608 1482 3665 oblectaret?
1494 3606 1612 3663 Oblectet
1622 3612 1711 3682 iqitur.
1723 3611 1766 3665 in-

124 3671 209 3728 fuerit
224 3672 408 3741 Cassiodorus,
420 3691 453 3731 ea
464 3674 626 3730 tnrrcfioruit
637 3675 791 3742 integritate
799 3673 919 3741 justitiae,
972 3678 1031 3744 quit
1041 3694 1087 3732 ret
1105 3675 1176 3749 (ιιι.
1188 3694 1206 3741 ι,
1222 3695 1263 3748 ep.
1278 3677 1316 3749 5),
1330 3694 1377 3732 nes
1386 3688 1459 3733 actus
1470 3682 1630 3761 prestatura
1644 3680 1764 3737 receterc.

125 3758 189 3814 qnae
203 3745 317 3814 probum
341 3754 369 3800 et
395 3746 556 3816 prudentem
571 3746 657 3800 virum
675 3746 765 3800 decet.
783 3744 922 3816 ,Principis
974 3746 1007 3801 Et
1019 3763 1083 3802 vero
1097 3764 1178 3818 qnam
1193 3758 1299 3816 gratnm
1322 3757 1382 3802 erat
1397 3749 1566 3806 Theoderico
1581 3759 1672 3805 ιιιιιι
1686 3766 1768 3821 repe·

123 3816 187 3881 jura
212 3814 435 3884 subditorumque
449 3825 540 3886 partes
553 3816 593 3871 sic
606 3816 775 3879 defendebat,
788 3824 816 3868 nt
828 3830 923 3871 onustes
951 3818 953 3823 ’
974 3827 1031 3873 tere
1066 3820 1203 3873 necterent
1224 3819 1322 3874 subditi
1336 3820 1377 3873 sui
1390 3820 1558 3886 strodestiam,
1573 3819 1716 3889 justitiam,
1733 3821 1766 3873 ll-

124 3885 287 3952 quibnscnm
302 3900 346 3941 res
367 3886 417 3956 ipsi
440 3894 509 3951 erat,
530 3886 581 3941 sibi
598 3886 792 3941 demereretur.
813 3885 922 3941 Grande
973 3887 1049 3944 derra.
1064 3887 1300 3960 AEquitetecuncte
1315 3891 1475 3957 moderatus,
1486 3891 1596 3961 qratiam
1611 3899 1727 3945 nostram
1738 3893 1766 3945 in

125 3954 180 4009 hoc
194 3969 293 4010 miurus
306 3956 414 4025 operosi
429 3957 539 4023 negotii,
555 3957 597 4011 cui
612 3957 657 4011 vix
671 3971 721 4025 par
733 3965 805 4011 esset
819 3957 861 4011 vir
873 3971 921 4011 ca·
971 3975 1000 4013 se
1012 3976 1063 4014 non
1079 3959 1191 4014 reddidit
1205 3961 1326 4015 etiosam.
1343 3959 1414 4014 Sarte
1424 3962 1458 4015 sle
1471 3960 1598 4029 prefecto
1612 3961 1766 4030 praetoriae

124 4024 277 4105 pacissima
294 4026 400 4093 mentis,
423 4028 544 4083 eminens
562 4026 701 4081 Senotens
726 4041 779 4080 non
794 4027 923 4095 gravabat
972 4045 1002 4085 se
1012 4030 1160 4085 constitute
1174 4030 1313 4085 verissime
1328 4045 1408 4100 posse
1419 4032 1565 4100 praedicare
1578 4040 1638 4087 erat
1651 4032 1689 4085 iili
1703 4047 1766 4086 sua·

126 4095 282 4162 angeninm3
298 4111 360 4151 eum
375 4097 447 4150 enirn
463 4097 489 4151 in
509 4098 663 4165 magisteria
678 4095 808 4164 dignitate
820 4097 922 4152 consti-

126 4166 363 4235 tntnmprtecipnis
377 4167 457 4221 etiarn
470 4175 612 4235 quaestore
623 4167 718 4222 otneiis
726 4182 822 4222 vacare
832 4166 854 4220 T
855 4167 922 4222 heo·

124 4234 238 4290 dericus
252 4237 346 4291 voluit.
363 4234 420 4300 Quo
439 4238 495 4290 foco
523 4238 635 4308 positus,
651 4237 739 4308 inquit
752 4236 922 4293 Athalaricns

125 4302 199 4375 (ιιι.
214 4321 252 4368 tx,
266 4323 308 4376 ep.
321 4304 381 4376 ιι),
396 4324 497 4377 sernpcr
507 4306 676 4378 quaestoribus
687 4307 806 4377 adfuisti·
820 4318 921 4362 etcum

125 4390 218 4430 rerum
234 4384 290 4430 tum
303 4378 433 4445 gravitas,
445 4385 501 4431 tum
511 4377 659 4446 arvrplitndo
671 4377 851 4446 eloquentiam
866 4393 920 4432 non

124 4444 266 4513 vulgarem
293 4448 441 4513 exigerent,
466 4463 546 4501 causa
569 4444 722 4501 credebatur
735 4447 791 4518 ejus
817 4449 919 4517 inqenio

125 4512 263 4585 (ibidem).
277 4515 400 4586 Nunquid
412 4517 514 4573 felicem
528 4517 682 4586 praedicabis
693 4531 753 4570 enin
764 4517 841 4585 cnjus
855 4534 920 4572 eorr-

124 4584 216 4639 silinm
231 4595 260 4640 et
273 4585 430 4641 industriam
443 4588 512 4641 adeo
523 4589 572 4642 sibi
582 4587 734 4642 successoria
757 4602 805 4642 ror
818 4588 920 4656 iudiea-

123 4654 181 4721 bat,
197 4664 229 4709 ut
240 4656 273 4710 ab
287 4671 321 4712 eo
335 4658 444 4726 exigere
459 4666 605 4725 teneretur,
620 4656 689 4728 quod
701 4673 730 4711 se
753 4664 858 4711 nouerat
868 4660 919 4712 mi·

124 4725 196 4780 sime
218 4728 376 4781 commisisse
403 4726 547 4811 (thidemll
571 4726 697 4797 Nnnqnid
724 4742 784 4781 eam
805 4729 919 4795 gratiam

124 4795 289 4865 singularem
303 4798 437 4866 censebas,
452 4799 687 4866 quorlvacantibus
701 4797 769 4859 aliis,
786 4814 917 4853 snrmnanr

125 4880 217 4920 rerum
231 4866 304 4921 solus
327 4869 489 4936 attingeret?
503 4866 622 4932 Quadam
645 4868 732 4938 qratia
746 4868 919 4938 prejudicinli

124 4935 235 4990 socebet
259 4937 323 4990 elios
348 4936 521 5000 laborarent
542 4948 567 4993 te
585 4939 719 4991 sententie
741 4940 919 5007 suecopiosa

125 5005 204 5059 leude
223 5008 361 5076 compleret
373 5006 506 5079 (ibidem).
522 5009 579 5077 Age
593 5024 657 5061 vere
668 5008 738 5062 banc
753 5007 916 5073 felicitatem,

125 5075 199 5130 hunc
212 5076 333 5132 fauorem
357 5079 485 5148 principis
508 5094 590 5147 qnam
615 5077 713 5132 funesti
733 5092 820 5141 casus,
836 5093 918 5147 quant

126 5143 225 5200 infesta
236 5147 343 5201 invidie
358 5148 609 5217 tefaetcepissent,
625 5148 675 5202 nisi
691 5147 862 5218 praecavisset
872 5164 919 5202 sa·

125 5216 288 5287 pientissimi
302 5217 353 5271 viri
367 5234 458 5273 rerum
477 5219 647 5288 politicarum
661 5218 823 5287 peritissima
836 5230 917 5285 saga·

124 5284 212 5341 citasl
224 5285 254 5340 ld
267 5287 339 5341 enim
353 5302 402 5343 sna
417 5291 558 5358 petulentia
572 5297 601 5344 et
613 5289 740 5356 aequitate
752 5296 794 5343 est
808 5303 918 5343 assecu-

124 5366 180 5421 tus,
197 5364 226 5409 ut
253 5371 287 5411 ne
302 5357 345 5412 vel
360 5357 411 5413 fevi
424 5359 637 5414 obtrectatorum
656 5374 747 5413 morsu
760 5359 917 5427 laederetur3

123 5426 250 5496 quinimo
260 5427 336 5481 inviti
352 5428 491 5483 laudarent
506 5429 652 5483 adversarii
666 5428 725 5497 ejus
743 5429 916 5499 probitatem.

127 5515 139 5549 ι
154 5495 320 5552 Nesciritde
335 5506 361 5552 te
380 5500 521 5568 qnisquam
534 5499 751 5554 submurmurare
770 5501 914 5568 constraria,

124 5582 186 5622 curn
202 5576 294 5622 tamen
308 5567 342 5622 de
357 5570 497 5638 principali
510 5569 595 5638 gratia
608 5572 756 5625 sustineres
770 5570 914 5624 invidiam:

124 5636 259 5707 derogare
270 5639 410 5761 cupientes
424 5640 488 5694 vicit
503 5640 642 5709 integritas
653 5640 780 5705 actionis;
796 5640 919 5695 adversa·

126 5708 159 5761 rii
173 5711 210 5763 tui
223 5722 295 5776 sepe
319 5709 390 5763 ocuti
402 5717 465 5764 sunt
474 5711 571 5774 eoacti,
587 5711 659 5780 qnod
673 5711 778 5764 animus
797 5725 852 5765 non
866 5710 917 5765 ha·

126 5779 209 5832 uehat
224 5776 294 5840 (ιιι.
317 5794 355 5845 ιι,
370 5796 412 5849 ep.
435 5778 520 5850 ιιι.»
546 5780 679 5836 Ceterum
701 5780 773 5850 qnod
792 5780 917 5836 maximis

132 5846 249 5920 negotis
270 5846 401 5920 maiorem
424 5864 531 5923 seneper
550 5852 683 5923 animum,
699 5851 785 5921 majus
809 5865 916 5924 semper

974 4101 1123 4168 vissimum,
1150 4099 1223 4165 quod
1245 4102 1326 4155 seruit
1350 4101 1571 4171 tuncrespubfice
1584 4119 1617 4157 ea
1639 4102 1685 4156 illo
1699 4112 1765 4157 cartu

975 4168 1097 4223 flemuleo
1120 4170 1274 4226 intumentia
1295 4172 1392 4236 uirum;
1408 4173 1451 4243 qui
1476 4172 1535 4225 ficet
1558 4189 1586 4227 se
1607 4173 1765 4226 nsodecaedo

971 4240 1114 4309 qteriosunt
1129 4239 1237 4310 secent,
1261 4241 1308 4296 troc
1330 4251 1415 4295 tamen
1439 4243 1524 4311 mejite
1551 4242 1673 4310 constetit,
1697 4243 1766 4312 quod

972 4312 1047 4363 berre
1063 4311 1181 4441 ⁴tuitionis
1194 4312 1340 4381 exemptum
1353 4312 1515 4381 sequentibus
1531 4311 1664 4384 deretiquit
1684 4311 1763 4381 (ιιι.

971 4395 979 4432 ι
1006 4397 1046 4433 e.
1099 4420 1106 4434 .

983 4418 991 4445 ’
1007 4397 1108 4521 §pm
1132 4449 1202 4515 Quid
1216 4452 1296 4521 eqerit
1308 4450 1466 4507 Theoderico
1477 4451 1586 4507 Romam
1597 4460 1706 4523 petente.
1719 4450 1740 4506 F
1741 4453 1765 4508 i·

973 4535 1034 4574 nern
1050 4536 1104 4575 non
1119 4521 1227 4586 faciam,
1249 4521 1272 4574 si
1286 4521 1387 4575 referre
1401 4522 1539 4590 sigillatim
1554 4521 1665 4577 voluero
1683 4537 1766 4592 quam

934 4571 960 4632 Β
972 4591 1088 4647 sollicite
1101 4592 1247 4660 provinciis
1261 4599 1289 4646 ιι
1304 4591 1415 4646 urbibus
1428 4593 1588 4662 prepositus
1599 4594 1763 4660 consuleret,

973 4669 1029 4714 trnn
1042 4660 1140 4729 injure
1154 4660 1252 4716 civium
1264 4659 1374 4726 tuendo,
1389 4670 1444 4717 tum
1459 4663 1486 4717 in
1500 4664 1694 4732 componendis
1707 4663 1766 4734 pfe-

971 4731 1094 4785 beiorum
1116 4732 1254 4786 herluinum
1267 4731 1395 4786 dissidiis.
1415 4732 1450 4787 tlt
1465 4733 1634 4803 praetermitti
1658 4749 1688 4790 se
1708 4750 1765 4790 non

971 4802 1072 4925 plentur
1086 4801 1311 4873 providentissimi
1325 4801 1443 4871 prefecti
1457 4805 1543 4860 solers
1552 4804 1699 4874 diligentia,
1710 4819 1764 4887 qna

998 4872 1072 4926 rbem
1088 4875 1121 4926 ad
1136 4873 1238 4940 regium
1253 4871 1417 4928 Theoderici
1442 4876 1591 4943 ingressum
1615 4875 1707 4932 orireri
1721 4889 1764 4930 rn-

971 4942 1092 5010 strniqne
1106 4944 1221 4998 curarit.
1247 4943 1383 4999 Ravennae
1396 4960 1443 5000 rex
1456 4944 1547 5000 sedem
1560 4946 1666 5017 imperii
1677 4944 1764 5009 colin-

966 5021 1093 5080 earerat,
1108 5014 1178 5067 unde
1191 5013 1314 5080 Romam,
1331 5030 1411 5082 quam
1422 5016 1473 5071 sibi
1483 5015 1640 5084 vectigalem
1650 5014 1762 5082 fecerat,

972 5090 1078 5151 peteret
1092 5098 1202 5138 successe
1216 5084 1274 5147 linit,
1290 5093 1320 5139 ut
1330 5086 1477 5142 seditiones
1488 5085 1633 5153 turbasque
1646 5085 1765 5155 compri-

972 5160 1068 5213 meret.
1083 5169 1143 5222 qum
1158 5168 1206 5223 per
1219 5154 1373 5225 antipapam
1389 5155 1563 5210 banrevrtium
1582 5156 1711 5210 adversus
1723 5153 1763 5211 le·

971 5220 1094 5289 gitimnm
1107 5238 1204 5295 papam
1223 5223 1415 5294 Symmachum
1436 5233 1593 5292 commone,
1617 5224 1719 5280 clerum
1733 5231 1763 5282 et

971 5302 1094 5346 senatum
1117 5294 1232 5361 agebant
1251 5294 1278 5348 in
1301 5304 1401 5364 partes,
1418 5294 1571 5362 Urbanique
1594 5293 1761 5353 lacerabant.

972 5360 1101 5429 Quamvis
1121 5367 1192 5418 enim
1213 5363 1247 5418 ad
1260 5366 1419 5419 canonicam
1434 5364 1590 5435 Symmachi
1603 5363 1764 5423 electionem

971 5433 1044 5500 regin
1059 5433 1159 5502 pariter
1170 5433 1327 5489 accemisset
1340 5436 1502 5499 auctoritas,
1518 5448 1551 5489 ea
1573 5442 1663 5490 tannen
1678 5451 1763 5492 nova·

971 5517 1134 5557 cumrerum
1148 5511 1274 5558 auctores
1285 5519 1339 5559 non
1353 5504 1522 5560 cohibuerat.
1532 5503 1698 5575 Totisigitnr
1707 5506 1763 5565 Ro-

972 5588 1114 5628 manorum
1124 5572 1344 5643 orthodoxorum
1356 5590 1404 5629 rex
1415 5590 1476 5629 euna
1496 5577 1691 5647 acquiesceret,
1707 5577 1762 5633 lio·

971 5658 1043 5696 nram
1058 5642 1151 5698 venire
1175 5642 1322 5711 cogitavit,
1347 5653 1377 5700 ut
1404 5653 1492 5700 ortam
1515 5661 1632 5716 presens
1654 5647 1763 5703 sedaret

974 5721 1169 5782 tempestatem,
1181 5721 1210 5767 et
1223 5722 1344 5783 optatam
1358 5714 1517 5771 Christiane
1527 5716 1680 5786 reipublice
1693 5725 1764 5771 trarv-

970 5781 1132 5850 quilfitatern
1147 5783 1311 5841 restitueret.
1326 5784 1377 5841 Ubi
1391 5785 1506 5856 primum
1521 5786 1654 5843 intellexit
1667 5786 1764 5859 praele-

970 5861 1031 5914 ctus
1040 5854 1167 5926 praetorio
1177 5851 1353 5915 Cassiodorus
1366 5857 1425 5930 regi
1435 5858 1463 5916 in
1482 5859 1574 5917 ursino
1588 5873 1648 5919 esse
1662 5866 1692 5916 ut
1705 5857 1763 5916 lle·
