4059 6184
156 285 208 343 res
644 279 961 355 nteuuouunutus.
982 280 1303 344 rnnstutsronm.
1735 287 1790 343 ato

157 399 296 468 tbrlgerno
304 396 495 456 Britannorum
507 399 596 456 duee·
610 408 755 467 enecantur,
770 405 799 456 et
810 396 824 436 l
836 397 946 454 adiure-
960 398 985 455 Δ
998 409 1131 469 aqrosque
1138 399 1281 473 populans,
1295 401 1342 475 qui
1355 409 1366 440 ⁸
1379 400 1546 475 nonquiorit
1556 414 1694 468 aoeerrsus,
1703 384 1791 460 detrec

157 490 262 545 olentes
281 487 335 545 tale
358 490 520 561 praesidium,
545 489 600 547 imo
622 490 756 547 excidium
779 489 894 562 patriae,
918 498 949 545 ut
999 498 1097 546 cuncta
1132 506 1203 561 perc
1228 506 1344 548 exurens
1375 492 1469 548 insula
1505 492 1690 565 superliciem'
1709 493 1790 549 ruhra

157 579 318 636 ferocissimi
338 578 375 635 illi
390 578 498 637 uelandi
511 580 628 637 nominis
641 580 773 648 Saxones,
789 579 846 637 [leo
859 580 947 637 honri·
999 579 1195 638 occidentalem
1217 584 1338 653 trucique
1357 580 1494 639 Oceanum
1510 584 1598 654 lingua
1613 583 1789 643 delamberet.

157 672 291 742 albusque
303 670 392 739 invisi,
416 671 493 742 quasi
506 670 533 727 in
547 670 638 728 caulas
652 671 718 743 lupi,
744 671 771 727 iu
785 670 901 727 insulam
914 668 949 726 ad
999 671 1030 727 ln
1043 673 1095 728 lroe
1108 685 1173 741 ergo
1188 671 1290 744 impeto
1304 673 1429 746 Assyrio,
1454 673 1518 732 olim
1543 683 1573 729 ut
1594 675 1621 732 in
1644 673 1763 731 ludaearn
1778 676 1788 713 ¹

158 762 362 819 retrudendase
388 763 555 833 aquilonales
577 774 672 835 gentes
695 765 949 823 intromitterentur.
1000 761 1193 833 comparando,
1215 764 1360 835 completur
1379 780 1487 835 quoque
1510 766 1536 821 in
1552 766 1629 822 nobis
1642 765 1792 823 secundino

157 852 218 922 Quo
229 855 325 925 utique
339 853 406 910 nihil
417 855 443 910 ei
458 869 571 924 usquam
585 854 772 927 perniciosius,
793 856 859 912 nihil
874 873 950 913 ama·
1000 853 1188 922 historiam,ut
1202 855 1299 911 dieitur
1310 866 1341 910 ιι;
1357 855 1532 913 incenderunt
1546 858 1599 931 iqui
1613 859 1792 917 rorrctnariuut

157 948 214 1005 rius
228 946 331 1011 lactum
352 955 403 1002 est.
425 943 620 1009 Oaltissimam
639 962 733 1004 sensus
747 949 908 1019 caliginem,
933 966 951 1007 o
1002 954 1091 1012 tuom,
1117 947 1145 1002 ιἰι
1166 957 1235 1002 terro
1253 949 1401 1020 polluerunt
1420 949 1613 1005 tuhnnoeulnm
1628 951 1740 1006 nomines
1754 952 1793 1007 tui

157 1040 358 1114 desperabilem
368 1040 534 1111 crudamque
547 1041 646 1096 mentis
660 1041 865 1099 hebetudinem!
878 1041 951 1109 Quos
1003 1038 1090 1106 (Ptol.
1105 1056 1202 1106 nrrrn,
1217 1038 1256 1113 7).
1282 1040 1315 1095 Ει
1329 1041 1425 1097 iterum
1440 1042 1526 1098 dicier
1547 1061 1554 1096 t
1574 1042 1653 1107 Deus,
1669 1051 1792 1099 uenerunt

157 1133 323 1206 propensius
336 1141 435 1202 morte,
451 1150 512 1190 eum
526 1133 664 1205 abessent,
679 1135 840 1204 tremebant,
854 1143 952 1206 sponte
1002 1141 1092 1204 pentes
1101 1134 1129 1187 in
1141 1133 1316 1188 hereditatem
1332 1142 1417 1203 mom,
1439 1135 1584 1204 polluerunt
1596 1135 1718 1206 templum
1727 1151 1793 1191 son·

158 1230 211 1296 lut
231 1226 270 1280 ita
284 1224 389 1296 dicam)
407 1226 457 1280 sub
471 1226 550 1281 unius
565 1226 629 1282 teeti
644 1225 762 1283 culmine
776 1226 927 1283 invitabant
943 1246 950 1282 ι
1002 1232 1071 1278 ctum
1087 1234 1157 1279 tuum
1171 1223 1257 1299 (Ptol
1273 1241 1384 1291 tnt'tss,
1398 1226 1438 1295 1),
1452 1234 1509 1289 tle,
1532 1227 1571 1281 lta
1587 1235 1616 1282 ul
1628 1236 1732 1283 cuncte
1745 1244 1794 1285 co-

114 1344 121 1361 ,
158 1316 241 1372 Stulti
255 1313 486 1387 auntlprineiper
511 1314 677 1387 (utelietum
692 1316 756 1384 εει)
781 1317 912 1390 ΤΙιιι)ιιεοι
927 1331 952 1388 ·,
1003 1313 1127 1370 lumnae¹
1150 1316 1252 1372 crebris
1274 1316 1422 1382 arietibus,
1449 1332 1596 1386 omnesque
1614 1318 1704 1375 coloni
1731 1333 1794 1375 eum

158 1408 253 1462 lentes
268 1406 416 1463 Pharaonis
430 1408 566 1463 consilium
578 1407 729 1481 irraipientil
745 1408 877 1483 (lenam,
893 1409 951 1483 ll).
1004 1408 1155 1480 praepositis
1170 1409 1311 1473 eeclesiae,
1336 1423 1397 1464 cum
1421 1407 1605 1464 sacerdotibus
1627 1424 1659 1465 ac
1681 1412 1795 1480 populo,

159 1498 228 1555 luna
243 1514 390 1570 crumpens
400 1513 466 1570 grex
482 1501 634 1555 catulorum
648 1500 682 1556 de
692 1500 774 1557 cubili
788 1501 880 1557 leucum
890 1501 953 1557 bar·
1004 1499 1178 1554 mucronibus
1193 1498 1309 1569 undique
1318 1482 1479 1555 micantibus
1489 1513 1522 1554 ac
1535 1496 1648 1554 dammis
1660 1501 1796 1569 crepitan·
1864 1526 1867 1533 ·

159 1590 245 1649 barin
253 1584 340 1646 tribus
353 1590 391 1663 (ut
403 1589 495 1660 lingum
502 1589 561 1663 ejus
570 1592 740 1663 exprimitur)
752 1591 852 1666 Cyulis,
861 1604 954 1652 nostra
1005 1592 1086 1656 tibus,
1102 1590 1181 1646 simul
1194 1589 1255 1646 solo
1268 1597 1464 1656 sternerentur,
1481 1598 1509 1644 et
1522 1589 1668 1646 miserabili
1681 1590 1751 1656 visu,
1766 1591 1794 1646 in

159 1682 251 1752 lingua
265 1691 278 1731 t
291 1680 380 1753 longis
394 1682 527 1749 nauibus,
550 1683 675 1740 secundis
695 1684 782 1753 relis,
804 1685 923 1742 secundo
938 1684 953 1725 ¹¹
1006 1680 1095 1738 medio
1104 1681 1270 1752 platearum,
1286 1695 1339 1735 una
1355 1680 1467 1736 turrium
1482 1677 1555 1736 edito
1569 1678 1678 1735 cardine
1690 1680 1794 1737 evulsa-

158 1774 253 1831 omine
265 1775 437 1845 auguriisque
449 1792 457 1842 ;
472 1775 569 1845 quibus
583 1775 781 1833 vaticinabatur
792 1785 867 1834 certo
878 1778 951 1850 apud
967 1767 992 1829 B
1004 1790 1065 1829 rum
1077 1782 1109 1842 t,
1133 1786 1325 1841 murorumque
1340 1772 1473 1827 celsorum
1486 1785 1562 1847 sara,
1588 1784 1664 1826 sacra
1689 1769 1795 1835 altaria,

159 1883 223 1924 rum
233 1867 382 1939 praesagio,
404 1866 478 1946 quod
499 1875 664 1925 tercentum
678 1868 866 1926 annisterram
885 1869 892 1909 ¹
910 1872 954 1929 cui
1003 1867 1164 1924 cadaverum
1179 1864 1281 1929 frusta,
1305 1864 1402 1919 crustis
1415 1878 1448 1919 ac
1468 1861 1645 1932 gelantibus²
1666 1861 1795 1932 purpurei
1820 1909 1822 1913 .

159 1972 258 2028 proras
271 1956 384 2013 librarat
399 1957 430 2024 l,
452 1955 603 2013 insideret:
619 1966 727 2015 centum
741 1974 806 2015 rero
819 1960 954 2031 quinqua·
1003 1959 1108 2016 cruoris
1120 1964 1210 2026 tecta,
1234 1956 1308 2012 uelut
1329 1955 1356 2011 in
1378 1953 1493 2024 quodam
1508 1952 1643 2009 horrendo
1668 1952 1795 2009 torculari

160 2050 251 2120 ginta,
268 2048 323 2106 hoc
340 2057 382 2106 est
394 2048 511 2119 demidio
527 2047 540 2088 t
557 2051 687 2122 temporis
706 2052 805 2123 septus
818 2049 951 2127 quoque¹
1004 2051 1087 2107 mista
1102 2050 1273 2114 viderentur,
1297 2055 1326 2103 et
1348 2046 1422 2102 nulla
1436 2056 1509 2102 esset
1523 2044 1685 2101 omnimodis
1699 2053 1796 2115 practer

160 2147 292 2196 vastaret.
307 2138 423 2197 Erectus
442 2141 530 2211 primo
552 2140 579 2197 in
601 2142 726 2199 orientali
749 2151 827 2215 parte
849 2143 953 2209 insulse,
1004 2141 1149 2198 horribiles
1163 2150 1192 2178 ⁸·
1210 2138 1351 2195 domorum
1365 2137 1468 2203 ruinas,
1481 2137 1627 2194 bestiarum
1643 2136 1795 2193 volucrum·

161 2230 272 2305 iuberrte
286 2240 412 2304 tyranno,
428 2232 561 2289 terribiles
574 2233 661 2291 iullrit
680 2248 799 2305 unques,
815 2236 892 2306 quasi
905 2252 954 2307 pro
1003 2250 1059 2306 qus
1073 2242 1181 2290 ventres
1196 2235 1222 2289 in
1248 2231 1337 2288 medio
1360 2229 1518 2301 sepultura,
1542 2229 1618 2285 salua
1641 2236 1796 2285 sanctarum

161 2324 249 2393 patria
264 2331 450 2394 pugnaturus,
475 2324 599 2385 sedeam
617 2326 718 2385 certius
739 2327 954 2400 impugnaturos,
1004 2326 1155 2382 animamur
1170 2322 1342 2387 reverentia3
1366 2321 1390 2377 si
1405 2329 1495 2377 tamen
1510 2319 1600 2375 multoe
1613 2318 1731 2374 inventor
1741 2317 1796 2373 sint

161 2413 211 2470 Cui
222 2412 381 2485 supradicta
394 2415 511 2486 genitrix
526 2416 625 2489 (primo
639 2420 810 2490 comperiens
822 2422 923 2492 agmini
933 2432 954 2461 ¹¹²
1004 2431 1065 2487 qttae
1078 2415 1169 2471 arduis
1182 2413 1243 2471 coeli
1264 2428 1312 2483 per
1325 2412 1352 2467 id
1366 2410 1396 2468 ll
1411 2410 1540 2483 temporis
1553 2424 1569 2469 s
1584 2409 1685 2466 sanctis
1695 2407 1796 2479 angelis

163 2505 245 2562 luisse
258 2506 458 2577 prosperatum)
471 2507 534 2563 item
550 2507 631 2562 mittit
645 2508 790 2566 satellitum
804 2526 955 2584 canumque
1005 2508 1218 2565 venenarium.
1229 2504 1268 2561 lta
1281 2503 1352 2559 enim
1364 2501 1575 2572 degeneraverat
1586 2501 1665 2558 riusa
1678 2501 1723 2555 illa
1732 2500 1797 2555 olim

163 2597 338 2667 prolixiorem
357 2604 487 2653 eamstmn
502 2598 599 2668 ¹,qum
612 2598 715 2656 ratibus
725 2599 837 2657 advecta
850 2601 955 2658 aduna-
1004 2604 1076 2661 bona
1090 2604 1118 2660 in
1134 2600 1341 2672 amaritudinem
1353 2612 1432 2655 versa
1445 2593 1494 2665 ¹¹⁶,
1509 2596 1550 2653 uti
1572 2609 1635 2652 raro
1649 2593 1796 2651 seeundum

163 2695 283 2742 turcum
298 2685 511 2757 marripularibus
521 2688 630 2760 spuriis.
652 2688 717 2747 lude
727 2704 841 2770 gumen
854 2692 955 2765 iniqui·
1005 2696 1167 2768 proplietam
1192 2690 1331 2750 videretur
1358 2698 1417 2762 post
1449 2698 1551 2762 terqsot
1581 2685 1805 2742 uindemintoruaa·

164 2777 237 2841 meis,
252 2775 329 2832 raelir
344 2777 541 2847 amaritudinis,
562 2779 696 2837 virulenta
708 2782 841 2853 plantatio
855 2786 955 2843 nostris
1007 2788 1100 2860 (llicit.
1116 2803 1161 2851 ru,
1179 2785 1205 2856 l)
1220 2792 1267 2840 aut
1281 2796 1431 2839 messorum
1446 2794 1569 2837 racemus
1582 2778 1625 2834 vel
1640 2778 1707 2848 ipsa.

164 2867 296 2937 condigna
310 2868 425 2937 tueritis,
440 2866 468 2925 in
481 2877 574 2927 nostro
588 2871 699 2942 cespite,
711 2871 847 2931 ferocibus
860 2874 956 2946 pumi-
1042 2877 1106 2934 cnr.
1120 2892 1183 2932 rus.
1200 2873 1241 2930 lle
1253 2873 1379 2946 reliquiis.
1393 2904 1430 2915 -
1443 2868 1537 2939 ltaque
1550 2867 1673 2924 normulli
1686 2866 1796 2923 misera·

164 2961 235 3017 tibus
247 2961 438 3033 pampinisque
452 2962 601 3031 pullulabat
615 2971 641 3023 ⁰.
667 2963 751 3035 lgitur
764 2966 912 3025 intromissi
927 2971 958 3027 in
1006 2985 1067 3027 rum
1080 2968 1254 3039 reliquiarum
1269 2965 1295 3018 in
1311 2962 1447 3021 montibus
1468 2959 1630 3030 deprehensi
1650 2957 1795 3015 acervatim

164 3052 280 3110 hnuhm
291 3053 411 3122 barbari,
423 3056 506 3112 veluti
519 3056 657 3122 militibus,
673 3066 700 3114 et
714 3073 811 3130 magna
822 3061 862 3132 (ut
876 3077 955 3119 men·
1003 3059 1196 3131 jugulabantur
1212 3073 1219 3110 ι
1234 3054 1280 3110 alii
1294 3053 1363 3110 lanne
1376 3051 1491 3108 corriecti
1504 3050 1674 3115 aecedentes,
1699 3063 1795 3104 manus

165 3145 311 3217 tiehantur)
321 3162 372 3218 pro
381 3147 801 3222 bonisdiscriminahospitibus⁰
816 3153 955 3223 subituris,
968 3148 994 3216 c
1008 3151 1129 3207 hostibus
1141 3148 1241 3205 dabant
1255 3145 1282 3203 in
1293 3158 1380 3200 :erum
1390 3141 1515 3198 servituri
1528 3151 1555 3180 ‘⁸
1571 3139 1614 3196 :si
1633 3147 1722 3194 tannen
1742 3154 1795 3195 rron

105 3228 111 3235 ’
165 3238 312 3311 impetrant
333 3239 386 3297 sibi
411 3254 532 3298 annonas
551 3240 620 3298 dari.
644 3241 710 3310 Quae
725 3244 809 3300 multo
834 3252 955 3316 temporo
1006 3241 1135 3299 mutiano
1149 3235 1368 3300 trucidarentur3
1382 3231 1455 3303 quod
1471 3230 1608 3289 altissimae
1626 3228 1719 3298 gratiae
1736 3235 1795 3283 sta·

165 3330 310 3403 hupertitae
320 3329 474 3388 eruerunt
492 3331 534 3403 (ut
547 3331 657 3403 dieitur)
676 3334 750 3390 canis
763 3332 872 3390 laniem.
887 3333 954 3392 ltcm
1006 3333 1053 3389 bat
1067 3330 1093 3385 iu
1108 3328 1169 3385 loeo
1185 3326 1212 3368 ‘l
1227 3345 1234 3386 ι
1250 3324 1296 3382 alii
1318 3322 1509 3379 transmarinas
1523 3318 1652 3391 petebam
1674 3317 1796 3386 regiones

165 3424 316 3493 queruntur
330 3433 411 3479 enon
425 3420 568 3480 affluenter
584 3423 635 3480 sibi
653 3425 787 3495 epimenia
809 3426 954 3494 contribui,
1006 3437 1068 3480 eum
1076 3420 1180 3478 ululatu
1192 3430 1302 3489 magno,
1315 3429 1363 3470 seu
1375 3411 1563 3469 celeusmatis·
1577 3411 1646 3475 viee,
1655 3408 1707 3463 hoe
1717 3405 1797 3462 modo

165 3512 364 3570 micando
376 3511 507 3570 industria
519 3514 682 3580 colorantess
693 3524 721 3571 st
731 3514 806 3571 uiris
821 3514 957 3587 proluslor
1005 3513 1057 3571 sub
1069 3511 1190 3569 selorum
1204 3508 1307 3565 sinibus
1320 3511 1461 3561 cantantes
1477 3519 1484 3555 :
1502 3499 1601 3556 dedisti
1612 3516 1659 3555 roa
1673 3506 1798 3568 torquear

166 3601 203 3658 eis
213 3601 400 3660 munideentia
410 3603 601 3670 cumularetur,
616 3611 749 3660 testantur
762 3618 792 3661 se
805 3612 903 3661 cuncta
917 3605 956 3661 ln·
1006 3623 1065 3666 coer
1078 3618 1206 3668 ercamm,
1220 3609 1246 3657 et
1256 3600 1285 3657 in
1306 3596 1424 3671 qontilos
1439 3593 1584 3665 Διἰρειείιιὶ
1603 3608 1660 3657 not,
1678 3589 1748 3644 Deua
1762 3597 1792 3638 tt

166 3690 324 3762 retempto
339 3690 671 3764 loederedepopulaturos.
686 3686 851 3763 Neemor'a,
867 3698 955 3755 minas
1007 3680 1800 3774 (nmium,repatuattmoniantscotltbns,etinctum?
1832 3737 1842 3747 .

166 3780 306 3839 effectibus
319 3791 530 3852 prosequuntur.
634 3787 639 3799 '
1004 3784 1249 3866 praernptisuallati
1262 3791 1291 3839 et
1310 3777 1474 3836 densissimis
1495 3775 1607 3832 saltibus
1627 3774 1793 3843 marinisque

200 3870 266 3928 Car.
277 3886 351 3927 xxm.
367 3869 407 3926 lle
420 3870 520 3927 aeliam
533 3871 746 3929 messueran-
755 3874 955 3937 Coulotebatur
1005 3883 1127 3956 rupibus,
1142 3881 1226 3935 vitam
1239 3881 1363 3946 suspecta
1378 3885 1484 3942 semper
1499 3876 1590 3925 mente
1603 3866 1756 3935 credentes,
1767 3866 1796 3922 iu

169 3976 282 4031 namque
292 3959 704 4032 ultiouisjrnteprmuedontium
714 3964 846 4021 scelerum
859 3983 951 4036 causa,
991 3975 1094 4049 ‚patria
1107 3972 1172 4028 ticet
1185 3968 1281 4039 trepidi
1296 3963 1460 4037 perstabant.
1480 3959 1651 4031 ¹¹Tempore
1662 3959 1742 4029 iqttrn
1757 3958 1795 4013 in«

168 4051 200 4108 ⁶²
213 4054 280 4108 mli
293 4049 426 4121 ⁰⁵l1¹²³d
441 4066 516 4107 ΜΝ
537 4051 606 4122 ῑΒῦῑθ
627 4044 767 4111 θ’ΐῖθῦῑΰῐὶὅ
782 4066 793 4095 ¹
808 4059 954 4129 mileto·
1007 4067 1184 4127 tervoniente
1198 4061 1409 4131 aliquantorum
1423 4052 1599 4111 recessissent
1611 4051 1719 4110 domum
1731 4064 1796 4107 ιιιι·Ι

168 4158 226 4199 roan
235 4157 318 4201 mauu
327 4152 513 4213 exaggeratus,
524 4151 552 4199 et
563 4141 689 4201 intumas
698 4158 818 4218 quasque
830 4151 952 4217 civitates
1004 4159 1133 4222 (perissent
1147 4155 1306 4231 predones,
1326 4152 1462 4208 roboratae
1475 4163 1491 4204 a
1503 4145 1619 4203 Domino
1634 4144 1658 4198 li
1677 4141 1798 4215 reliquia

202 4333 215 4363 ⁸
231 4325 303 4390 lltec,
311 4322 499 4395 Gsrtlrriqerrto
507 4319 692 4403 Britannorum
699 4322 771 4389 dore,
781 4324 949 4391 desuatedit,
1043 4347 1055 4375 t
1070 4335 1152 4391 Deest
1164 4331 1229 4387 edit.

202 4394 390 4467 ’(ἷθῐῑὶῦῦθῑῗθ
403 4391 593 4451 θῑᾱθθθῑθὼῑ·
1040 4399 1284 4470 ¹Edit.,eolortlor.
1516 4460 1522 4473 .
1687 4459 1694 4472 .
1791 4426 1796 4435 ·

203 4475 215 4504 ‘
230 4461 510 4531 triumuirorum.
1038 4486 1053 4525 t
1067 4473 1137 4530 Edit.
1165 4472 1278 4527 redito...
1290 4459 1562 4522 eunitarum-limi.
1570 4457 1623 4514 PP.
1633 4457 1731 4525 Paris„
1743 4475 1797 4519 utto

200 4535 380 4620 ’ὓθφῑωῑῐ
394 4535 460 4592 “fil-
965 4514 990 4575 υ
1002 4546 1114 4602 larrium
1128 4514 1235 4597 cordine
1251 4538 1350 4620 ooalto.
1445 4601 1451 4613 Ι
1628 4601 1635 4613 ,
1776 4602 1782 4614 ,

290 4718 312 4744 ·s
456 4716 463 4731 ·
1022 4704 1053 4741 ll?
1073 4725 1092 4751 ι,
1105 4700 1131 4740 ΙΙΙ
1394 4714 1401 4728 ·

202 4745 409 4819 ῑῦοεειὶὶιιριια
421 4746 486 4805 edit.
1003 4704 1070 4794 pre
1083 4754 1162 4809 [leest
1177 4749 1314 4807 horribiles
1327 4746 1392 4802 edit.

202 4813 214 4852 Β
228 4816 307 4874 Deest
319 4817 433 4873 acarde
445 4816 510 4873 edit.
1038 4824 1069 4866 ss
1081 4821 1300 4895 Pinepositionem
1311 4818 1440 4874 omittunt
1452 4813 1649 4872 edit-Paulo
1657 4812 1795 4885 anteltihl,

204 4885 312 4952 *fidite
363 4889 442 4943 trion
1002 4895 1056 4955 PP.
1072 4890 1288 4964 Paris.‚quoend
1301 4885 1599 4944 nrduucoelirclarius.

203 4956 309 5039 lfidll„
335 4956 447 5042 'brsloh
1040 4978 1068 5007 ee
1085 4964 1169 5032 Edit,
1182 4962 1344 5043 relocatur.

201 5025 502 5171 {Qgrmoffl
1037 5035 1160 5171 ῗῖιέῗίῗι
1168 5031 1570 5181 gggpet‘amllibl31'l’fflarisl,
1583 5091 1720 5149 senatori.

202 5177 221 5206 ¹
232 5164 313 5254 latit,
328 5170 491 5241 comperiens
504 5171 588 5243 primo
599 5171 709 5244 oqminl
1040 5176 1049 5216 t
1056 5175 1065 5215 l
1082 5174 1163 5238 Deest
1171 5170 1331 5298 Brsepositio
1343 5168 1410 5224 edit.

201 5239 444 5312 tesimeni.
1037 5256 1067 5301 tt
1080 5244 1161 5307 Deest
1197 5244 1318 5299 maedis.

201 5309 307 5377 'Etim
322 5309 483 5367 murinam
495 5328 543 5383 pro
554 5310 628 5369 bonis
640 5311 793 5385 hospldlnn
1037 5314 1066 5355 et
1078 5313 1300 5386 Praepositioncm
1325 5311 1454 5369 omittunt
1467 5306 1545 5370 edit,
1559 5312 1589 5359 et
1610 5319 1673 5360 ntor
1691 5303 1796 5382 eollotiq

201 5382 297 5439 indie
312 5383 440 5453 (excepta
452 5382 520 5439 llihl.
534 5381 590 5439 PP.
602 5381 711 5455 barm),
726 5398 885 5457 murentur.
946 5380 956 5397 '
1000 5387 1166 5458 habentpro
1180 5384 1278 5453 uellem
1425 5450 1432 5462 ·

200 5450 308 5520 tEdit„
323 5453 362 5507 ni.
1040 5458 1064 5496 ¹¹
1082 5448 1132 5511 llic
1144 5454 1238 5524 incipit
1252 5458 1333 5524 caput
1346 5466 1411 5509 rtur
1426 5467 1452 5505 ιιι
1465 5464 1517 5504 ms.
1531 5443 1610 5502 Carrt.

203 5534 209 5561 ¹
228 5523 311 5589 Edit..
325 5524 457 5580 orientali.
1038 5528 1061 5580 ll
1077 5526 1190 5594 Edit.,o
1204 5520 1270 5579 Boo.

201 5594 440 5667 ’Deestqnicdin

201 5662 308 5731 tatic,
329 5664 438 5721 tuone
450 5697 488 5710 -
507 5665 588 5725 nodie
600 5669 670 5740 secto
690 5684 740 5743 pro
760 5673 956 5747 temperando:
1038 5663 1129 5720 ‘ittet
1146 5662 1198 5718 ΡΡ.
1214 5662 1312 5729 Paris,
1326 5669 1470 5716 cetarum.
1672 5731 1676 5740 ι

168 5732 394 5807 fiblPPAEaris.
1037 5738 1048 5769 ⁸
1076 5733 1290 5793 ttcscrthenoun
1314 5749 1360 5789 eeu
1380 5733 1545 5791 celeusmatis
1570 5746 1632 5788 euru
1648 5726 1717 5786 snt
1741 5726 1794 5806 ΡΒ)

202 5816 215 5843 “
227 5804 305 5879 Fodit„
319 5809 389 5881 quoe
399 5811 524 5881 propheto
534 5811 673 5887 deplorans
682 5810 730 5868 nit.
1002 5804 1088 5877 Petis.
