4059 6184
1011 380 1126 438 t‘ldlttt
1142 378 1242 434 l’hPAE
1890 379 1920 434 st

306 493 390 560 l‘atri,
405 492 451 548 sed
467 501 628 555 creaturam,
650 501 677 546 et
692 506 725 546 ca
740 506 792 545 non
808 490 976 546 exstantibus
991 488 1090 546 lactum
1104 492 1131 552 Α
1145 497 1220 544 nuta
1234 501 1284 558 pro
1299 487 1344 542 illo
1365 486 1435 543 facta
1457 495 1499 544 est
1518 487 1704 543 hoereticorum
1725 487 1922 553 circumventio,

275 592 278 599 ’
305 595 375 645 esse,
401 583 573 652 congregavit
590 581 684 637 Nicaac
708 597 741 637 cx
765 582 879 637 diversis
902 582 1091 639 dioecesibus¹¹
1143 587 1174 634 ut
1185 579 1266 632 etiam
1279 577 1425 647 ejiceretur
1435 587 1546 650 propter
1556 595 1618 635 eum
1638 578 1780 635 Flavianus
1800 581 1923 649 religiosa

306 678 443 727 trecentos
452 673 545 728 decern
559 680 586 728 et
599 681 661 726 olto
672 678 780 727 sanctos
791 670 885 727 Patres
898 690 905 726 :
920 682 947 728 ct
960 688 1020 729 eum
1037 672 1093 743 ipse
1142 669 1278 724 memorie
1293 669 1372 738 regia
1384 670 1458 725 urhis
1470 671 1622 742 episeopus.
1637 669 1690 726 Piae
1703 679 1792 727 autern
1805 672 1922 727 recorda·

304 762 385 816 etiarn
407 763 522 820 concilio
542 763 714 825 interfuisset,
736 771 764 818 et
787 763 932 833 adjuvisset
952 770 966 803 ι
985 763 1092 834 eosqui
1143 758 1225 813 tionis
1251 757 1403 814 Marcianus
1427 761 1599 829 congregavit
1627 760 1797 817 Chalcedone
1822 771 1924 819 sanctos

304 851 559 907 consubstantialem
580 850 676 906 Filium
699 850 770 906 Patri
794 851 1002 916 confessisunt,
1027 867 1093 908 con·
1143 848 1246 917 Patres,
1261 857 1288 904 ct
1302 862 1398 918 magna
1413 850 1588 906 contentione
1602 850 1673 906 inter
1694 851 1834 922 episcopos
1849 850 1924 918 facta,

304 932 430 996 neinuata
451 941 549 996 briano
573 941 720 1011 impietate,
743 941 859 996 studium
879 941 971 996 hahuit
990 950 1092 997 rectam
1143 955 1197 993 non
1212 940 1298 994 solnm
1313 953 1362 1010 per
1381 954 1445 995 suos
1461 938 1576 1009 judices,
1590 939 1637 997 sed
1652 941 1732 996 ctiam
1752 941 1924 1011 perseipsum

307 1028 385 1085 bitem
400 1030 531 1085 obtinere.
548 1028 677 1100 Exposita
691 1029 780 1100 itaque
794 1038 888 1086 salicto
902 1030 1035 1102 symbulo,
1050 1029 1093 1084 rel
1143 1028 1170 1084 in
1193 1028 1336 1084 concilium
1360 1030 1482 1099 pervenit
1496 1027 1520 1096 l,
1536 1037 1564 1086 et
1585 1030 1618 1084 ad
1642 1031 1811 1087 concordiam
1836 1047 1926 1087 omnes

306 1121 468 1175 anathemato
479 1118 549 1183 fidei,
566 1135 614 1190 per
628 1119 680 1174 lroc
694 1119 779 1175 salicti
795 1119 888 1174 Patres
902 1119 1017 1175 confessi
1031 1127 1093 1174 sunt
1143 1119 1276 1189 perduxit.
1290 1116 1340 1186 Qui
1355 1119 1440 1175 sancti
1454 1117 1547 1174 Patres
1559 1120 1584 1175 in
1598 1121 1722 1175 omnihus
1731 1121 1816 1176 secuti
1827 1136 1858 1175 ca
1869 1136 1927 1190 quae

304 1208 558 1265 consubstantialem
573 1224 632 1265 csse
646 1208 740 1264 Filium
755 1208 811 1265 ileo
826 1208 909 1274 Patri,
924 1210 994 1280 quod
1008 1225 1094 1281 usquo
1144 1226 1194 1281 pro
1215 1209 1266 1266 fide
1279 1207 1387 1265 delinita
1401 1219 1464 1265 sunt
1477 1227 1493 1266 a
1507 1210 1640 1283 praedietis
1655 1213 1740 1267 trihus
1753 1212 1852 1267 sanctis
1864 1227 1926 1267 con·

306 1308 369 1354 tunc
379 1298 449 1370 apul
459 1297 589 1370 plurimos
602 1299 784 1354 dubitabatur.
806 1298 860 1354 Sed
879 1308 908 1355 et
925 1298 1094 1356 Theodosius
1143 1301 1223 1364 ciliis,
1242 1309 1271 1355 et
1284 1315 1343 1371 quae
1361 1299 1478 1369 judicata
1493 1310 1555 1357 sunt
1569 1302 1602 1358 de
1615 1303 1802 1358 bucolicorum
1817 1301 1927 1356 damna·

306 1390 398 1446 senior
411 1389 461 1460 piac
475 1388 679 1454 recordationis,
693 1387 852 1445 Macedonio
872 1396 988 1459 negatrto
1007 1387 1093 1444 deita—
1144 1389 1219 1444 tione
1242 1397 1270 1443 et
1293 1389 1431 1459 impietate
1450 1406 1554 1456 corum,
1568 1391 1763 1446 damnaverunt
1775 1401 1804 1447 et
1817 1392 1925 1446 anathe-

305 1488 359 1531 tem
379 1477 464 1532 saneti
488 1476 614 1548 Spiritus,
635 1486 662 1533 et
676 1477 842 1548 Apollinario
855 1479 898 1533 rel
919 1478 1014 1547 ilpgno
1034 1479 1094 1549 ejus
1143 1478 1338 1534 malizavcrunt
1359 1476 1504 1550 Eulyebem
1530 1480 1693 1548 dementem,
1718 1489 1746 1536 ct
1769 1480 1848 1551 impia
1871 1479 1927 1547 ejus

304 1565 436 1635 discipulo
451 1566 477 1619 in
490 1567 691 1636 dispensatione
705 1567 835 1622 incarnati
855 1567 902 1623 liei
922 1567 1002 1623 Verbi
1017 1569 1091 1624 hias·
1144 1570 1279 1639 dogmata,
1301 1587 1353 1628 nec
1378 1588 1433 1627 nou
1454 1579 1482 1627 et
1503 1571 1653 1627 Nestorium
1676 1588 1737 1628 eum
1761 1572 1848 1643 impiis
1870 1571 1928 1640 ejas

306 1654 511 1723 phemanlihus,
527 1663 556 1711 et
573 1656 723 1711 dicentibus
743 1671 852 1712 sensum
871 1658 1018 1714 humanum
1039 1674 1093 1713 non
1143 1659 1327 1731 dogmatibus,
1348 1665 1475 1733 quoniam
1498 1672 1560 1719 tunc
1575 1661 1583 1702 ¹
1601 1663 1796 1719 festinaverunt
1820 1664 1928 1733 quidam

305 1744 436 1811 recepisse
453 1742 568 1798 Verbum
584 1743 678 1817 [heum
688 1743 817 1816 Verbum]
833 1756 860 1812 ι,
880 1746 928 1801 sed
942 1747 1018 1802 carni
1032 1749 1092 1803 uni·
1144 1741 1289 1806 defendere
1303 1750 1455 1807 Nestorium
1471 1758 1498 1806 et
1513 1735 1593 1821 impia
1608 1751 1666 1821 ejus
1687 1751 1822 1818 dogmata.
1844 1751 1929 1822 Super

306 1844 361 1889 turn
376 1852 436 1891 csse
446 1837 562 1891 arrimam
574 1837 784 1894 irrationabilem
796 1838 905 1894 habenti
920 1856 927 1893 a
942 1853 1092 1908 congrega·
1110 1856 1130 1915 g
1144 1839 1295 1896 itaecautem
1307 1841 1386 1897 iidem
1397 1842 1423 1896 iu
1434 1841 1604 1898 Chalcedone
1616 1842 1700 1898 sancti
1713 1840 1805 1896 Patres
1816 1842 1929 1895 anathe-

307 1926 342 1981 tis
357 1926 383 1980 iu
397 1927 469 1995 regia
484 1928 550 1983 urhe
563 1936 670 1983 ceritum
684 1929 876 1999 quinquaginta
891 1931 990 1987 sanctis
1005 1929 1093 1986 Patri·
1144 1934 1338 1989 matizavcrunl
1352 1935 1459 2006 eosqui
1484 1934 1556 1989 aliud
1579 1934 1729 2006 symbolum
1753 1933 1928 1998 tradiderunt,

307 2020 372 2082 llus,
384 2033 445 2073 cunr
459 2029 488 2073 et
506 2020 564 2088 ipse
576 2020 711 2090 particeps
723 2018 818 2076 fuisset
831 2020 949 2088 concilii,
962 2020 1095 2076 damnatis
1145 2032 1192 2077 aut
1207 2024 1329 2090 tradunt,
1345 2035 1442 2095 praeter
1456 2027 1507 2081 hoc
1519 2023 1591 2096 quod
1613 2024 1765 2095 expositum
1785 2031 1826 2077 est
1843 2038 1858 2077 a
1873 2030 1930 2078 trc-

306 2110 438 2180 prandictis
452 2111 585 2166 haereticis
606 2126 731 2168 unacum
754 2111 842 2182 impiis
856 2126 949 2168 corum
959 2112 1093 2181 dogmati·
1145 2114 1232 2171 centis
1246 2114 1339 2171 decem
1352 2124 1380 2170 cl
1391 2122 1454 2170 octo
1468 2116 1567 2171 sanctis
1578 2112 1713 2182 Patribus,
1721 2121 1750 2168 ct
1761 2113 1930 2183 explanatum

307 2203 365 2263 irus,
382 2200 444 2257 fecit
457 2210 558 2258 rectam
571 2201 718 2273 praedicare
730 2200 819 2257 iidem.
830 2201 921 2258 Secuti
933 2202 1004 2257 enim
1014 2201 1094 2258 iidem
1145 2221 1160 2258 a
1175 2214 1283 2260 centnm
1302 2207 1492 2276 quinquaginta
1511 2206 1610 2261 sanctis
1635 2204 1766 2260 Patribus.
1781 2203 1828 2258 llis
1841 2204 1933 2271 itaque

308 2293 394 2348 salicti
418 2292 511 2349 Patres
536 2295 685 2364 expositam
709 2302 811 2350 rectam
836 2293 914 2350 iidem
934 2309 949 2349 a
968 2296 1095 2352 trecentis
1145 2296 1271 2351 ornnihus
1290 2311 1339 2366 per
1357 2297 1461 2353 diversa
1485 2304 1604 2366 tempora
1628 2294 1786 2357 subsecutis,
1811 2293 1932 2363 predicti

307 2381 399 2436 ducem
419 2389 447 2438 et
468 2390 530 2439 octo
550 2383 650 2439 sanetis
675 2382 808 2451 Patribus,
830 2383 1040 2454 explanaverunt
1062 2383 1096 2440 de
1146 2386 1197 2455 pin
1213 2386 1501 2441 recordationisnostri
1517 2387 1650 2441 l'alrcsca
1662 2400 1721 2454 qnae
1734 2384 1760 2439 in
1772 2398 1933 2454 unoquoquo

310 2471 411 2526 deitate
424 2473 510 2527 sancti
532 2473 658 2542 Spiritus,
669 2482 697 2529 ct
716 2473 834 2544 perfecte
853 2473 888 2529 dc
899 2473 1097 2543 dispensatione
1146 2476 1261 2530 conscilio
1272 2476 1391 2545 judicata
1404 2485 1481 2540 sunt,
1498 2478 1598 2546 legibus
1612 2475 1668 2531 suis
1689 2476 1934 2530 corroboraverunt

309 2560 467 2616 incarnatii
488 2560 535 2616 bei
558 2561 637 2616 llerhi
664 2562 821 2617 docuerunt.
846 2561 946 2617 lterum
972 2563 1097 2618 Nestorio
1146 2572 1174 2618 et
1196 2565 1434 2631 corilinnarerunt,
1455 2575 1482 2621 ct
1504 2565 1644 2621 berctinus
1664 2568 1711 2635 qui
1734 2562 1934 2619 dchrritiouibns

310 2649 392 2719 turpio
405 2649 486 2704 alium
500 2649 605 2706 dicente
620 2649 703 2705 ileum
718 2650 851 2713 Verbum,
867 2658 896 2706 et
913 2651 994 2707 alium
1016 2651 1095 2706 Chri-
1147 2654 1335 2723 praedictorum
1349 2663 1501 2711 sanctorum
1512 2664 1627 2726 quatuor
1638 2655 1812 2711 conciliorum
1826 2654 1934 2710 resistc-

205 2790 209 2797 .
308 2746 379 2794 stum
394 2748 419 2802 ι,
435 2752 463 2794 et
476 2738 546 2795 hunc
559 2739 666 2809 quidem
682 2748 776 2795 namra
791 2739 887 2795 Filium
905 2739 915 2778 l
931 2740 978 2796 liei
998 2739 1095 2807 Patris,
1147 2757 1188 2809 re,
1202 2751 1229 2796 et
1247 2740 1380 2798 Ecclesias
1392 2744 1555 2799 conturbare
1568 2746 1657 2799 conati
1671 2751 1743 2807 sunt,
1763 2743 1934 2813 expulerunt.

309 2832 383 2885 dium
407 2839 497 2885 autem
520 2832 606 2899 gralia
630 2830 712 2885 lilium
738 2831 821 2901 impie
846 2831 1044 2897 introducente,
1069 2842 1098 2888 et
1148 2829 1277 2884 Defuncto
1291 2837 1380 2884 autem
1395 2830 1612 2886 llarcianodIree
1626 2841 1645 2867 ω
1659 2831 1934 2895 recordatiouis,eunr

307 2928 431 2975 sanctam
447 2921 591 2990 gloriosam
603 2935 711 2991 serrrpcr
721 2921 857 2990 Virginem
871 2920 919 2976 bei
933 2920 1096 2979 Genitriccrn
1147 2924 1285 2979 contentio
1300 2929 1372 2979 essct
1387 2939 1435 2993 per
1459 2923 1564 2978 diversa
1587 2926 1646 2978 loca
1668 2922 1703 2979 dc
1725 2922 1938 2979 Chalcelonensr

309 3028 369 3068 csse
381 3022 505 3081 negante,
520 3027 581 3068 cum
594 3026 767 3081 peuoomnes
779 3012 923 3068 orientales
939 3021 1031 3083 partes
1049 3030 1096 3071 sua
1147 3024 1242 3067 saneto
1261 3013 1386 3080 concilio,
1410 3012 1466 3068 Leo
1491 3014 1542 3083 pire
1568 3014 1762 3070 recordationis
1784 3013 1819 3068 ad
1842 3031 1941 3070 narrares

309 3105 448 3173 impietate
471 3101 642 3173 adimplesset
665 3103 735 3158 ldem
756 3102 904 3170 Nestorius,
932 3103 1097 3160 Theodosius
1149 3105 1247 3173 ubique
1269 3103 1424 3159 sacerdotes
1446 3104 1564 3173 scripsit,
1586 3114 1616 3158 ut
1638 3103 1819 3174 unusquisque
1842 3119 1940 3158 eorurn

306 3192 400 3262 laterior
416 3193 466 3262 piac
480 3191 674 3247 recordationis
689 3192 862 3261 congregarit
876 3192 993 3263 priorem
1008 3192 1097 3264 Ephe-
1111 3208 1134 3272 ρ
1149 3196 1284 3267 propriam
1297 3196 1458 3251 seutentiam
1476 3193 1661 3250 manifestaret
1680 3194 1715 3249 de
1731 3193 1828 3251 eodem
1841 3203 1941 3250 sancto

311 3282 396 3336 sinam
409 3289 528 3335 sanctam
540 3280 682 3351 synodum,
692 3279 736 3335 eui
746 3279 924 3350 praesidebant
937 3280 1099 3340 coelestinus
1149 3288 1272 3355 concilio,
1286 3296 1313 3343 ct
1323 3303 1384 3343 cum
1395 3287 1464 3343 alius
1473 3286 1940 3356 aliumcpiscopumnoneaspectas·

311 3380 337 3427 cl
352 3371 467 3441 cyrillus
480 3370 565 3426 sancti
579 3368 682 3434 Patres,
704 3377 732 3425 et
754 3368 863 3425 directis
885 3368 1030 3440 judicibus,
1051 3373 1098 3441 qui
1149 3390 1203 3449 gei,
1227 3381 1260 3435 ad
1288 3380 1340 3436 hoc
1365 3379 1437 3450 qnod
1461 3378 1618 3447 intenogati
1640 3385 1703 3431 sunt
1730 3375 1940 3446 responderunt.

310 3461 441 3516 deberent
452 3461 568 3516 concilio
578 3460 717 3523 interesse,
730 3459 857 3526 compulit
867 3470 895 3515 ct
907 3461 991 3531 ipsum
1003 3461 1100 3518 Nesto·
1151 3467 1256 3537 Exiguo
1270 3477 1360 3524 autem
1375 3477 1497 3537 tempore
1511 3473 1659 3537 trausacto,
1673 3465 1769 3520 ilerum
1784 3464 1943 3519 insurrexe-

311 3552 382 3605 rium
396 3551 433 3604 ihi
448 3550 604 3620 peruenire,
620 3558 649 3605 et
659 3550 788 3620 judicium
803 3560 913 3621 propter
925 3566 987 3608 eum
1001 3568 1099 3622 proce·
1150 3566 1212 3612 runt
1226 3556 1342 3612 Nestorii
1355 3566 1382 3611 et
1404 3554 1531 3626 Eutychis
1544 3568 1684 3623 sequaces
1700 3560 1728 3607 et
1745 3559 1834 3607 tantas
1846 3551 1945 3606 turbas

312 3642 424 3708 derel,
438 3650 467 3697 el
480 3642 525 3698 lah
536 3642 735 3697 examinatione
725 3640 928 3728 faeta3secutr
943 3641 1024 3696 iidem
1037 3656 1100 3697 san·
1150 3665 1177 3704 ιιι
1202 3649 1301 3704 saneris
1322 3648 1370 3703 [tei
1385 3646 1511 3702 Ecdesiis
1533 3646 1663 3710 fecerunt,
1686 3653 1717 3699 ut
1737 3643 1883 3698 divisiones
1904 3653 1938 3698 et

284 3789 294 3807 ,
311 3733 357 3801 tii,
368 3731 461 3822 {qves
477 3729 654 3835 multasti&
653 3745 684 3784 ιι
702 3704 900 3816 0qaodclldei
915 3730 1024 3785 definita
1037 3739 1101 3786 sunt
1149 3737 1316 3793 schismata
1309 3752 1335 3790 tn
1349 3736 1389 3790 eis
1403 3735 1506 3798 flerent,
1520 3742 1548 3790 et
1561 3734 1660 3789 nullam
1673 3733 1889 3789 communionem
1905 3733 1945 3785 ιιι

268 3810 360 3903 §phi
366 3796 515 3914 ιιιιιιιιοῇι
512 3807 564 3890 ln·
498 3798 687 3894 h0striciis·
692 3789 844 3884 lhrnhhs,
856 3820 1102 3878 condemnaverunt
1150 3840 1181 3882 se
1195 3823 1309 3882 invicem
1323 3824 1451 3881 Ecclesiae
1470 3825 1609 3879 haherent.
1628 3822 1683 3878 Nec
1701 3821 1772 3877 enim
1792 3835 1947 3890 praesume·

262 3917 272 3935 ⁰
311 3882 463 3970 Nestorium
479 3928 532 3969 una
547 3929 608 3969 cum
618 3912 678 4015 ejus
688 3912 846 4010 'impiqtptc
855 3910 927 3991 llis
921 3920 956 3967 ιιι
971 3913 1099 3970 subsecu-
1150 3921 1196 3970 oat
1217 3912 1314 3984 aliquis
1335 3913 1369 3969 de
1386 3913 1495 3970 civitate
1509 3922 1522 3950 ¹²
1537 3915 1570 3969 ad
1584 3914 1719 3969 civilatem
1733 3913 1845 3968 ueniens
1863 3928 1946 3967 com·

228 4065 238 4085 .
269 4061 330 4090 ·.·
312 4006 371 4083 tis·
366 3995 699 4108 gmmrssqrrearssept
688 3977 813 4091 tunitiu-
802 3971 947 4093 qurthtn
969 4020 1101 4075 sequaces
1150 4002 1941 4073 municare,necclericuseraliaeiritateinaliamcisi

230 4100 240 4147 t
255 4079 268 4158 Ξ
293 4078 537 4188 :Nes’lditiigdpl'q
527 4063 736 4151 destillarenltll
749 4073 918 4164 iqimntum
912 4111 939 4150 ιιι
954 4096 1020 4165 ipsis
1039 4096 1100 4167 fuit)
1150 4105 1234 4151 tatem
1248 4096 1360 4150 veniens
1375 4096 1402 4149 in
1415 4093 1583 4150 eeclesiam
1598 4093 1753 4164 procedere
1767 4091 1834 4147 Cum
1848 4100 1948 4147 autem

203 4159 243 4212 ⁰⁰²
263 4155 335 4198 ’“’
312 4168 429 4244 rc'fulare
442 4185 690 4242 condemnationem
704 4195 797 4241 contra
811 4186 965 4245 Nestorium
978 4188 1098 4241 factam:
1150 4185 1297 4242 seeundum
1309 4202 1384 4243 suam
1399 4187 1609 4242 miscricordiam
1624 4186 1750 4241 hominus
1761 4185 1832 4240 Deus
1845 4185 1949 4256 reipu-

313 4279 360 4334 scd
378 4278 521 4348 pradictus
534 4278 585 4348 pias
605 4277 800 4334 recordationis
820 4277 997 4340 Theodosius,
1013 4275 1100 4330 vindi·
1151 4277 1226 4332 blico
1238 4278 1457 4348 gubernationem
1469 4275 1702 4341 uobiscredidit,
1694 4276 1798 4331 initium
1808 4284 1835 4330 et
1849 4275 1949 4330 funda·

313 4386 378 4426 cans
391 4385 424 4427 ea
437 4386 496 4441 quae
510 4370 547 4425 ita
560 4378 739 4426 rectecontra
758 4370 911 4428 Nestorium
930 4377 958 4425 ct
976 4369 1035 4439 ejus
1048 4368 1100 4422 im·
1150 4375 1270 4420 utentum
1292 4366 1376 4421 nostri
1391 4365 1496 4436 imperii
1511 4356 1633 4432 fecimus,
1655 4363 1819 4434 conjungere
1838 4363 1953 4419 divisos

314 4463 441 4533 pietatem
456 4461 581 4517 fuerantl
607 4460 734 4531 judicata,
756 4462 819 4517 feeit
841 4461 954 4518 llnniler
977 4459 1101 4515 obtinere
1151 4456 1306 4512 sacerdotes
1327 4464 1481 4511 sanctarum
1504 4453 1552 4510 liei
1576 4453 1756 4511 Ecclesiarnm
1774 4454 1808 4509 ab
1828 4452 1953 4510 Oriente

313 4562 407 4611 contm
427 4570 489 4610 cum
509 4553 606 4609 factam
630 4552 894 4609 condemnationem.
917 4550 952 4607 Et
965 4558 1028 4621 post
1041 4550 1100 4605 haec
1114 4576 1140 4636 Ι)
1152 4560 1237 4615 usque
1248 4543 1422 4601 Occidentem
1439 4556 1463 4610 r,
1476 4552 1621 4600 etomnem
1632 4544 1831 4600 contentionem
1844 4558 1955 4614 ampu-

314 4645 411 4699 lterum
429 4659 490 4699 cunr
504 4641 639 4714 Eutyches
660 4641 772 4699 demens
793 4641 956 4704 emersisset,
978 4637 1100 4708 negando
1152 4642 1313 4704 tantesquac
1326 4642 1420 4691 contra
1443 4634 1690 4690 chalcedonensem
1712 4642 1833 4690 sanctam
1856 4649 1954 4705 syuo-

314 4734 568 4792 consubstantialem
583 4732 661 4788 uohis
674 4748 734 4789 esse
747 4748 856 4790 caruem
871 4730 986 4794 bomini,
1008 4728 1101 4786 multis
1153 4725 1216 4781 dum
1232 4726 1266 4782 ah
1281 4725 1408 4798 Eutychis
1421 4736 1435 4776 ι
1450 4734 1478 4782 et
1488 4725 1626 4781 Nestorii
1618 4725 1760 4797 impiorum
1781 4726 1957 4793 sequacibus

315 4831 418 4886 interea
441 4827 530 4895 motis,
555 4837 610 4882 tam
629 4824 864 4895 Constantinopoli
888 4837 968 4895 quana
988 4820 1099 4892 Ephesi,
1154 4823 1321 4890 movebatur,
1336 4820 1735 4894 fecimuspredicareeamdcm
1754 4829 1875 4877 sannam
1897 4834 1957 4892 sy-

351 5083 364 5113 ·
378 5072 460 5130 iidem
473 5070 544 5136 libri,
557 5069 709 5126 diocesiiur.
724 5070 770 5127 Sic
782 5069 865 5127 etiam
877 5067 961 5125 ferme
972 5067 1073 5124 Latini.
1188 5070 1204 5110 l
1222 5069 1259 5125 lle
1273 5070 1336 5142 fide
1350 5068 1415 5127 llaec
1427 5070 1545 5126 desum
1538 5086 1564 5124 tn
1578 5068 1675 5125 eodem
1699 5066 1767 5123 libro
1783 5064 1954 5122 Parisienai.

351 5143 366 5184 t
380 5143 461 5199 iidem
475 5141 547 5209 libri,
563 5140 719 5211 adjuvasset.
1193 5150 1200 5179 ¹
1218 5139 1290 5197 ldem
1302 5140 1410 5197 codex:
1427 5140 1462 5194 Et
1476 5140 1538 5195 ιιι
1529 5149 1568 5193 rto
1580 5137 1730 5194 subsecutis

316 5224 365 5338 ,t
372 5183 732 5353 ,ieellilltilltih
741 5208 963 5347 hltit‘ih
975 5206 1105 5334 helle
1190 5209 1581 5348 littelltaflltltae
1595 5276 1716 5347 ιιι

319 5361 555 5489 tulfbcgcndum,
575 5419 715 5474 ιιιιιιιιι.
743 5417 777 5473 Et
807 5416 854 5473 hic
877 5431 985 5487 quoque
1005 5413 1105 5472 mendo
1191 5349 1560 5485 ΙΙΙιΙιιιίέιθιιιὲ.ξήιιΐιΙιιιιιίιιζῗηήωα
1573 5357 1644 5401 ‘m

317 5490 423 5546 laborat
441 5490 633 5560 typographico
647 5489 729 5545 editio
743 5487 896 5555 labbeana,
910 5500 971 5556 quae
984 5485 1072 5555 legit
1063 5502 1106 5540 ιιι·
1190 5498 1205 5528 ¹¹
1219 5490 1329 5545 Veteres
1341 5488 1410 5552 libri,
1422 5487 1523 5541 ιιιιιιιι
1537 5485 1572 5540 ιιι
1585 5485 1674 5539 altam.

317 5568 436 5616 carnola·
1192 5570 1205 5597 ⁰
1220 5560 1301 5616 lidem
1313 5558 1422 5621 fibrina
1434 5556 1456 5610 F
1456 5557 1559 5610 ecferto

355 5641 366 5739 l
382 5626 481 5752 iffi]
491 5625 912 5771 geillrtirlrluc'gdzlxiuffircigltrgtstsslsntloq
923 5691 1006 5750 habet
1016 5693 1043 5750 itt
1053 5694 1106 5751 lloc
1192 5640 1206 5750 Σ
1221 5630 1415 5765 Ξῖηέιιιιῖξιῖξι
1426 5625 1720 5776 ιιῗιυσιίιιιῗιῗιεᾞιιιιιι
1738 5692 1873 5773 tunorium.
1888 5690 1962 5751 lsla

320 5773 453 5895 lacaeidem
463 5831 560 5899 codex,
574 5841 678 5905 prom
687 5851 746 5891 cm
756 5846 844 5894 mmm
857 5852 917 5891 eum
927 5833 1071 5904 ΝΜ
1156 5771 1314 5828 exciderunt
1324 5736 1434 5824 librario
1447 5765 1493 5835 qui
1506 5766 1615 5838 scripsit
1628 5763 1765 5834 exemplar
1778 5762 1963 5822 Parisieuse.
