4059 6184
320 227 372 284 89)

951 207 1350 272 u.aunntttcasstouont
1612 165 1617 173 ’
1861 223 1900 283 q,

321 340 436 398 inaniter
451 337 522 394 eirca
536 336 600 391 talia
622 299 771 389 suadebat:
787 329 894 402 quando
918 343 969 384 nec
984 328 1146 395 ignorari-A
1162 325 1264 379 inuenit
1286 339 1348 379 eum
1370 323 1535 390 inferiorem,
1549 322 1724 396 perfectaque
1744 339 1797 383 euro
1812 331 1899 400 pbiloso·
1951 314 1955 319 ί

320 441 374 487 tem
397 427 485 485 futura
509 440 596 497 ptenae
620 419 804 488 succumbere,
829 435 881 476 nec
901 422 1032 476 scientem
1049 434 1113 489 pro·

320 532 413 597 pterea
427 527 549 576 sanctum
561 530 621 574 esse
630 515 796 571 declarabat,
811 512 907 567 Veram
923 524 1039 582 namque
1049 509 1112 563 bea·

321 611 462 670 titudinem
477 608 505 663 in
519 608 625 663 cultura
639 605 687 661 Dei
701 612 728 660 et
748 604 836 673 legum
852 601 911 672 ejus
923 599 1113 658 obseruatione

219 727 227 736 ·
320 702 436 760 dicebat.
462 698 491 754 Si
510 698 554 753 eui
575 706 665 752 autern
680 695 739 750 bec
760 701 831 750 essct
854 707 928 758 cura,
944 690 1060 747 docebat
1084 695 1114 743 ut

320 798 448 866 purgaret
469 791 666 857 animamque
686 777 778 856 ppsset
800 785 946 854 respicere,
967 790 996 837 et
1009 781 1114 837 futuro·

320 898 379 938 rurn
399 880 523 937 notitiam
549 877 697 949 possidere,
725 876 773 930 liei
796 875 922 929 videlicet
945 872 1113 942 praescientia

320 972 487 1028 declarante.
507 968 613 1026 lauare
635 974 726 1022 autern
749 979 801 1020 nec
824 963 881 1034 ipse
900 963 1063 1033 patiebatur,
1086 968 1115 1015 et

320 1063 390 1118 bene
402 1062 534 1116 uicturum
545 1072 653 1127 semper
663 1055 769 1126 operari
783 1053 964 1123 precipiebat,
977 1067 1009 1107 ac
1019 1059 1116 1107 semet·

322 1156 410 1225 ipsum
431 1152 575 1217 discutere,
591 1157 722 1205 etsecum
741 1160 843 1216 ponere
863 1145 996 1200 rationem
1019 1158 1114 1199 eorum

244 1247 250 1256 '
321 1242 483 1316 quagessit
507 1242 551 1297 die
575 1248 727 1310 noctuque;
742 1237 765 1293 si
787 1236 852 1306 quid
875 1244 966 1291 autem
986 1235 1116 1291 indecens

320 1341 425 1403 ageret,
449 1330 643 1397 conscriberet,
655 1339 686 1384 ut
704 1329 738 1384 de
752 1335 851 1384 cetero
865 1333 986 1397 parceret
1005 1325 1033 1380 iu
1046 1325 1115 1379 deli-

324 1433 382 1492 cto,
404 1422 580 1492 semetipsum
596 1420 700 1476 scilicet
713 1419 885 1482 erubescens,
910 1417 931 1472 si
946 1415 1061 1486 plurima
1074 1415 1116 1470 sui

321 1517 420 1573 delicta
443 1512 734 1585 comperissetzsimuf
756 1512 838 1567 etiarn
861 1520 1042 1567 metuensne
1067 1524 1117 1579 per

320 1604 529 1677 conscriptionis
543 1603 670 1660 indicium
694 1603 771 1658 fieret
786 1602 846 1657 aliis
859 1599 1025 1656 manifestus.
1051 1598 1117 1653 Emt

1164 416 1233 485 plaiae
1248 429 1309 469 esse
1324 422 1448 483 testatus,
1471 428 1591 471 seorsum
1606 416 1902 487 praeputiationem·

1166 521 1244 575 quana
1270 520 1324 559 nou
1350 514 1474 575 egentem
1499 506 1621 562 doctore.
1651 503 1816 563 Confirmata
1840 525 1904 570 auten

1165 594 1234 648 beas
1249 593 1358 649 hutouii
1382 594 1573 660 testimouium,
1598 601 1627 649 et
1650 583 1768 664 operibus
1784 605 1907 661 ostendebat
1973 587 1974 608 ¹

1164 684 1250 739 uirum
1264 699 1325 739 esse
1339 683 1496 753 gloriosum,
1518 686 1629 755 ipsoque
1642 685 1748 742 doctore
1768 692 1908 764 superinm,

1164 784 1246 846 atque
1259 776 1292 830 ad
1304 774 1461 844 affligendos
1474 785 1502 830 et
1515 776 1688 846 expellendos
1700 778 1820 836 maanes
1831 798 1909 854 prapa-

1164 877 1265 936 ratum,
1277 866 1421 930 manuam,
1435 866 1480 921 lid.
1493 882 1512 933 r,
1527 882 1587 936 cup.
1600 865 1642 932 ts,
1658 884 1684 936 p.
1697 866 1755 922 titi.

1202 957 1280 1013 Circa
1296 959 1348 1013 boc
1369 959 1461 1028 itaque
1474 968 1580 1027 tempas
1595 956 1819 1028 philosophabatur
1830 971 1853 1017 et
1863 965 1911 1019 dn„

1166 1051 1271 1106 mouius
1284 1048 1439 1123 AEgyptius,
1452 1050 1486 1105 de
1498 1064 1553 1118 qao
1565 1063 1656 1104 sermo
1682 1047 1763 1106 fertur
1779 1053 1834 1121 quia
1845 1068 1915 1123 mgen

1167 1143 1237 1199 tibus
1251 1145 1408 1214 parentibus
1430 1142 1551 1199 duxisset
1574 1156 1697 1206 uxorem,
1712 1157 1759 1198 nec
1780 1153 1857 1200 tamea
1872 1162 1915 1201 en

1166 1234 1260 1290 fuisset
1287 1245 1427 1306 expertus.
1449 1234 1479 1289 lu
1503 1232 1636 1304 principio
1667 1222 1776 1303 natuque
1798 1238 1917 1305 nuptiaruu

1166 1343 1293 1398 sponsam
1309 1336 1445 1397 tamquam
1459 1343 1574 1398 sponsus
1587 1329 1615 1383 in
1627 1328 1742 1384 thalamo
1755 1332 1919 1402 pe:·eipieos,ct

1166 1418 1241 1480 solus
1254 1432 1316 1472 cum
1329 1433 1361 1471 ea
1373 1433 1527 1484 remanens,
1543 1419 1581 1473 ait
1596 1437 1602 1471 :
1619 1418 1723 1489 Nuptiae
1734 1422 1839 1490 quiden,
1852 1439 1919 1477 otru-

1167 1508 1228 1572 lier,
1244 1516 1344 1563 nostrae
1357 1523 1441 1578 usque
1456 1509 1554 1565 adhoc
1568 1510 1710 1565 celebratae
1719 1521 1778 1566 sunt
1791 1514 1920 1583 tempuslt

1167 1599 1248 1669 quale
1262 1600 1361 1676 bonurn
1374 1601 1409 1655 sit
1424 1617 1503 1671 posse
1514 1602 1646 1671 uirginem
1660 1617 1849 1673 permanerem
1858 1610 1922 1663 sacris

322 1698 396 1755 enim
409 1695 570 1762 laboriosus,
592 1702 621 1750 et
642 1694 761 1749 maxime
782 1707 833 1764 pro
858 1690 960 1747 solatiis
974 1704 1117 1760 oppresso-
1134 1718 1156 1778 B
1169 1690 1302 1746 edocebat
1316 1692 1422 1757 litteris,
1439 1709 1471 1748 ac
1485 1708 1608 1749 seorsum
1620 1695 1697 1749 solus
1710 1710 1812 1750 manere
1820 1697 1921 1751 tentabat.

321 1802 392 1844 run.
407 1785 473 1854 Quis
488 1785 588 1841 etenim
603 1783 673 1839 alter
686 1783 726 1840 sic
739 1781 936 1839 ferventissime
947 1779 996 1836 fuit
1013 1778 1118 1835 studio-

320 1896 379 1946 sus,
393 1893 509 1952 quorum
523 1876 609 1946 gratia
620 1891 693 1947 saepe
709 1875 835 1931 ueniebat
853 1873 888 1929 ad
902 1873 1041 1929 civitates?
1055 1872 1118 1928 Piu-

323 1973 385 2029 rimi
399 1986 516 2041 namque
527 1970 553 2025 ri
568 1969 748 2039 compellente
762 1967 895 2036 cogebant
909 1967 989 2038 213
1002 1980 1064 2021 eum
1078 1966 1117 2020 le-

322 2065 432 2137 gatione
445 2063 520 2133 fungi
534 2061 606 2133 apud
615 2060 720 2131 iudices
744 2068 772 2116 et
790 2059 978 2130 inagistratus3
1000 2071 1117 2127 quorum

323 2154 420 2224 singuli
440 2154 483 2209 rel
505 2152 598 2210 nidere
614 2166 676 2207 eum
689 2150 846 2221 judicabant
869 2149 949 2205 nimis
968 2149 1118 2218 egregium,

322 2244 476 2315 loquentem
490 2242 596 2311 audire,
617 2249 646 2297 et
665 2240 831 2311 precipienti
844 2254 941 2310 parere
960 2238 1118 2308 gloriosum.

321 2334 373 2401 Qui
386 2349 448 2391 cum
458 2332 520 2389 talis
531 2344 613 2396 esset,
625 2331 750 2387 studebat
762 2339 852 2386 tamen
863 2331 982 2400 ignorari
992 2331 1021 2385 et
1033 2330 1118 2385 latere

1169 1781 1222 1837 Sed
1236 1782 1364 1850 quoniam
1388 1783 1422 1837 de
1438 1784 1591 1852 uirginitate
1609 1785 1720 1854 quidem
1737 1790 1923 1855 sermonesuirgo

1168 1872 1336 1936 laudaverat,
1352 1873 1433 1929 dividi
1452 1883 1543 1930 autem
1557 1875 1591 1930 ab
1613 1890 1649 1930 eo
1674 1891 1753 1946 grase
1764 1877 1891 1945 judicabat,
1906 1880 1924 1931 iu

1169 1968 1222 2024 alio
1237 1968 1319 2023 cubili
1337 1969 1486 2035 dormiens,
1505 1970 1583 2025 antiis
1602 1969 1699 2025 decem
1722 1981 1749 2025 et
1762 1983 1819 2026 octo
1835 1986 1885 2026 cunt
1902 1986 1925 2024 ca

1171 2061 1280 2127 mansit,
1294 2076 1382 2130 neque
1396 2068 1462 2117 tuuc
1476 2077 1492 2116 a
1509 2062 1669 2117 monachica
1688 2063 1837 2117 abstinentia
1849 2078 1874 2116 se
1885 2077 1921 2116 sus

1170 2153 1300 2224 pendens.
1329 2152 1435 2209 interea
1458 2154 1555 2208 mulier
1573 2153 1624 2208 viri
1646 2153 1927 2218 zelatarirtuteru,asti·
1973 2187 1974 2194 κ

1170 2245 1255 2298 mavit
1278 2259 1332 2301 non
1357 2260 1417 2300 esse
1429 2244 1530 2314 justum
1555 2251 1662 2299 mittum
1684 2243 1847 2299 virumdonti
1866 2243 1927 2297 celari
1973 2271 1974 2276 κ

1173 2343 1284 2404 propter
1304 2350 1345 2402 se,
1360 2335 1407 2390 sed
1430 2345 1557 2406 oportere
1574 2335 1668 2406 potius
1687 2349 1801 2390 seorsum
1818 2342 1929 2403 utrumque

325 2440 375 2494 per
388 2439 518 2480 eremum.
534 2421 563 2478 Si
577 2438 642 2478 vero
657 2422 820 2477 necessitate
830 2420 944 2477 faciente
957 2419 1075 2475 venisset
1094 2418 1121 2473 in

327 2518 475 2584 ciuitatem,
490 2514 620 2585 disposito
634 2514 742 2584 negotio
768 2528 817 2583 pro
826 2527 881 2582 quo
893 2519 1014 2579 venerat,
1030 2510 1063 2566 ad
1075 2510 1124 2567 de·

327 2617 431 2663 sertum
445 2604 575 2660 condano
596 2607 791 2660 revertebatur.
807 2602 898 2659 Pisces
912 2618 1029 2677 namque
1047 2601 1121 2658 diee-

329 2696 377 2752 bat
399 2710 449 2776 per
465 2695 619 2749 humectam
642 2694 738 2748 rrutriri
761 2692 955 2759 substantiam
980 2692 1122 2750 monacbis

327 2793 418 2841 autern
436 2793 561 2840 ornatum
577 2782 648 2839 ferre
661 2782 713 2856 [ed.
729 2783 775 2846 ,l'.‚
788 2780 856 2853 fore]
866 2781 1013 2838 solitariam
1027 2782 1122 2837 uitam.

330 2874 365 2930 Εῑ
377 2875 446 2932 Βῑθῡῑ
460 2874 505 2929 ffli'
518 2882 691 2929 wliffitisslll
712 2873 853 2941 libflsllfflb
873 2874 913 2929 8ῑῦ
931 2873 1016 2942 Sl⁰fl³
1031 2888 1122 2929 11]οΜ-
1172 2887 1219 2955 qui
1233 2883 1331 2939 dicitur
1344 2882 1446 2949 Nitriae,
1461 2886 1567 2942 duobus
1586 2894 1614 2942 ct
1628 2888 1726 2956 viginti
1740 2887 1813 2941 anuis
1825 2886 1855 2940 ihi
1867 2884 1932 2954 philo·

325 2965 439 3023 &⁰¹⁰1ss
458 2964 493 3020 id
513 2965 593 3020 urbii
616 2964 772 3020 2⁰⁰0d0⁰d⁰
795 2962 921 3020 foedifflr·
945 2962 1122 3021 Obidiessleffl
1174 2977 1304 3046 sophatus
1318 2984 1362 3031 est
1374 2994 1381 3029 :
1393 2977 1470 3031 annis
1484 2977 1596 3046 singuiis
1608 2979 1726 3035 visitans
1736 2977 1847 3034 secundo
1862 2976 1934 3030 mulie·

324 3070 390 3113 ΨΟ
411 3071 441 3112 ⁸0
455 3065 614 3126 imumque
638 3054 866 3124 ⁰⁰ss⁸lliel⁰¹¹llb¹¹⁵
880 3053 1034 3109 inhibebit·
1057 3052 1121 3108 5²¹¹·
1135 3084 1159 3148 c
1174 3082 1241 3122 rem.
1258 3065 1341 3137 liujus
1361 3067 1451 3138 itaque
1464 3068 1638 3123 sacratissimi
1653 3067 1783 3140 principis
1799 3069 1880 3122 boran
1891 3080 1934 3117 mu

1172 2425 1368 2497 philosophari,
1383 2434 1411 2481 et
1429 2427 1465 2482 ob
1479 2426 1532 2483 boe
1546 2427 1709 2497 supplicarit
1721 2426 1785 2482 viro.
1797 2425 1829 2480 dt
1841 2426 1930 2493 illegra·

1174 2517 1225 2574 tias
1244 2532 1328 2588 agens
1339 2518 1394 2575 lieo
1408 2535 1457 2590 pro
1471 2519 1627 2589 hujusmodi
1643 2520 1803 2589 cogitatione
1822 2519 1929 2573 mulieris:

1174 2608 1214 2664 'lu
1238 2610 1357 2682 quidem,
1382 2611 1478 2680 iuquit,
1504 2610 1574 2667 banc
1596 2611 1670 2668 habe
1693 2613 1807 2677 domurn,
1825 2627 1868 2681 ego
1885 2611 1931 2665 uili

1173 2702 1252 2756 aliam
1268 2701 1414 2758 fabricabo.
1441 2699 1476 2755 tir
1497 2701 1525 2757 in
1548 2703 1730 2758 meridianam
1744 2713 1839 2774 partem
1855 2704 1929 2757 decri

1173 2792 1261 2862 stagni
1275 2792 1365 2848 liar-ia
1380 2794 1491 2850 veniens
1512 2795 1584 2851 circa
1597 2795 1691 2852 locum
1706 2794 1779 2869 Scyti
1798 2797 1828 2851 ad
1841 2803 1932 2850 mariun

240 3219 242 3222 ,
323 3142 1118 3218 diet>⁰¹(l110“ibifluibibile!‘ustibilem'Sllfiefllil'ss‘lsse
1173 3157 1353 3212 naslericrum
1373 3158 1448 3212 multi
1463 3156 1571 3214 fuerunt
1597 3159 1733 3230 dignique
1752 3157 1872 3228 discipuli,
1883 3155 1935 3210 sicut

326 3245 462 3304 naturum,
487 3252 539 3293 nec
560 3243 702 3307 putaretur
726 3235 889 3305 hujusmodi.
909 3233 964 3289 Sed
986 3233 1046 3289 haec
1060 3234 1120 3303 qui-

322 3332 383 3385 dean
394 3343 478 3400 pauca
492 3328 622 3383 uirtutum
637 3326 747 3382 bulonii
761 3326 852 3381 dicere
869 3340 928 3380 sum
943 3323 1117 3393 compulsus,

323 3429 353 3476 ut
365 3421 432 3476 muti
443 3420 494 3475 riri
509 3435 556 3491 per
567 3419 626 3475 baec
646 3419 770 3488 exempla
783 3417 983 3474 consideremus
994 3415 1118 3488 pbiloso-

323 3509 425 3580 phiam.
441 3508 575 3564 Plurimos
594 3507 675 3578 igitur
696 3516 777 3579 atque
798 3505 1002 3576 probatissimos
1025 3504 1120 3559 babuit

324 3596 472 3664 auditores,
489 3612 603 3666 quornm
622 3596 786 3665 aliiquidem
798 3595 826 3650 iu
846 3593 966 3666 AEgypto
980 3602 1007 3649 et
1023 3592 1119 3664 Libya,

323 3687 368 3742 alii
390 3702 455 3743 uem
469 3688 495 3743 iu
518 3686 670 3750 Palestina,
694 3695 722 3741 et
736 3684 824 3756 Syria,
849 3693 877 3739 et
897 3682 996 3738 Arabia
1014 3683 1127 3738 clame!

327 3788 406 3845 runt;
419 3789 447 3835 et
460 3780 644 3848 unttsquisque
655 3793 749 3833 eorum
762 3792 817 3832 non
831 3776 920 3832 mitius
930 3790 960 3831 se
971 3791 1055 3845 quam
1069 3775 1120 3831 dou

329 3879 399 3936 ctor,
420 3869 492 3939 apud
504 3883 573 3939 quos
587 3876 628 3923 est
647 3874 840 3928 commoratus,
856 3865 994 3930 exercuit3
1009 3864 1122 3920 multos·

324 3960 493 4030 quedocuit,
507 3959 582 4014 etad
597 3959 712 4013 similem
728 3958 852 4013 virtutem
868 3957 1121 4027 philosophiamque

1172 3247 1359 3303 successiones
1384 3249 1547 3315 ostendunt;
1570 3249 1749 3321 plurimaque
1770 3256 1798 3306 et
1815 3242 1934 3304 reuemuda

1170 3352 1220 3408 per
1232 3352 1293 3392 eum
1309 3346 1503 3408 provenerunt,
1515 3354 1576 3408 quae
1595 3341 1736 3411 praecipue
1746 3339 1813 3410 apud
1825 3335 1936 3407 AEgpptios

1171 3421 1320 3482 monachos
1335 3429 1507 3499 perfecteque
1522 3439 1680 3485 servantur.
1695 3430 1832 3485 Nemeum
1849 3426 1935 3481 marina

1171 3517 1309 3585 diligentia
1322 3534 1369 3588 per
1382 3520 1582 3574 successionem
1596 3521 1759 3576 traditionis
1774 3519 1893 3574 alterutra
1904 3530 1936 3568 cu·

1171 3614 1233 3660 raut
1254 3607 1367 3660 uirtutes
1391 3608 1564 3677 antiquorum
1588 3611 1735 3666 memoriae
1756 3610 1854 3663 tradere
1872 3619 1937 3660 moro·

1171 3698 1283 3753 chorum
1297 3714 1304 3764 ;
1320 3699 1367 3753 sed
1383 3714 1398 3752 a
1422 3714 1467 3753 me
1490 3700 1528 3753 illi
1542 3702 1717 3757 memorandi
1733 3709 1797 3755 suut
1814 3696 1893 3769 quial
1904 3704 1938 3744 nos

1173 3805 1258 3858 usquc
1285 3800 1480 3860 pervenerunt.
1504 3791 1625 3862 Contigit
1656 3796 1741 3862 igitur
1763 3794 1822 3847 lruie
1845 3791 1939 3850 trituel

1173 3879 1316 3935 Theodoro
1338 3881 1397 3950 ejus
1412 3880 1544 3952 discipulo
1567 3885 1701 3939 euntibus
1726 3886 1837 3954 aliquem
1851 3875 1938 3933 anuuit

1172 3968 1281 4024 ssaviuru
1297 3988 1377 4040 quem
1390 3971 1485 4027 dicunt
1499 3973 1610 4045 Lycaon.
1629 3975 1671 4030 Ne
1691 3992 1756 4031 vero
1770 3993 1799 4030 se
1815 3971 1939 4027 alterutrum

280 4071 282 4075 >
327 4050 465 4119 perdutit3
480 4050 518 4105 iia
539 4059 570 4105 ut
579 4049 757 4119 quorumdam
767 4051 812 4105 bic
826 4050 987 4106 laborasset
1005 4052 1121 4105 circuire
1170 4060 1257 4116 nudos
1271 4061 1404 4130 viderent,
1414 4065 1493 4133 iussit
1505 4065 1668 4121 Animonius
1680 4067 1760 4138 [aliua
1772 4062 1866 4135 artemi,
1876 4069 1899 4114 nt
1908 4071 1936 4111 re

326 4155 374 4210 per
388 4140 511 4197 civitates
525 4149 553 4195 et
568 4141 733 4211 prouincias,
749 4140 789 4195 vel
804 4155 852 4209 per
862 4154 953 4209 agros,
967 4151 995 4196 et
1005 4139 1134 4210 diligeu·=
1172 4154 1281 4209 cederet
1295 4154 1455 4212 Tiiooriorus
1477 4159 1511 4213 ab
1525 4174 1612 4228 nqua;
1636 4173 1760 4230 cumque
1778 4160 1855 4215 etiam
1867 4157 1931 4208 seruet

325 4242 367 4288 ter
387 4233 496 4290 Antonii
512 4234 670 4304 discipulos,
686 4250 836 4305 corumque
856 4235 995 4304 requirere
1016 4250 1122 4289 succes-
1171 4244 1258 4314 ipsum
1286 4246 1460 4301 erubesceres
1483 4248 1582 4302 „udum
1606 4249 1725 4316 inanest,
1750 4257 1855 4318 repente
1876 4240 1940 4297 lirina

325 4341 411 4383 sores.
427 4326 480 4382 Sed
494 4327 632 4396 quomodo
647 4326 899 4397 poteruntinreniri
914 4327 1004 4391 facile,
1020 4327 1120 4395 quibus
1172 4334 1273 4389 virtuto
1286 4336 1431 4392 enarraturus
1444 4346 1486 4393 est
1498 4338 1532 4393 sd
1544 4339 1710 4396 ulteriorem
1725 4342 1810 4412 ripam
1832 4333 1942 4391 frausieu

325 4429 384 4478 crat
404 4420 521 4477 studium
537 4419 768 4489 diligentissimum
782 4435 859 4476 suam
881 4420 964 4475 vimm
981 4419 1076 4486 latere,
1090 4431 1120 4475 et
1136 4422 1409 4508 „sarcitectores
1430 4441 1538 4495 equam,
1554 4436 1583 4483 et
1596 4429 1700 4485 videns
1725 4445 1777 4484 uec
1791 4434 1882 4482 restem
1901 4418 1941 4486 rjus

326 4525 381 4565 uon
395 4511 465 4566 sicut
477 4526 550 4568 outre
571 4512 677 4581 plurimi
691 4511 830 4568 homiuum
852 4512 916 4566 elati
931 4525 981 4582 per
994 4511 1118 4582 gloriam,

325 4603 486 4673 semetipsas
505 4612 681 4675 expompant,
706 4613 732 4659 et
755 4605 859 4661 cunctis
873 4604 1028 4660 insinuant?
1050 4604 1120 4658 Fne-

326 4703 390 4751 runt
405 4694 493 4764 itaque
507 4696 688 4765 probatissimi
707 4696 841 4767 discipuli,
857 4711 926 4765 quos
937 4695 1118 4766 percepimus,

326 4784 449 4854 dirtonii,
464 4785 509 4840 alii
524 4785 633 4854 quidem
647 4787 735 4855 ueniti,
750 4802 864 4843 necnon
878 4798 907 4842 et
918 4786 1019 4843 Paulos
1031 4788 1121 4858 appel·

326 4876 427 4932 latione
445 4875 576 4946 Simplex.
607 4876 684 4933 llunc
710 4878 795 4942 aiunt,
823 4893 884 4933 cum
900 4880 1018 4935 rusticus
1038 4888 1119 4946 essct,

325 4968 397 5024 bona
412 4967 503 5038 specie
513 4967 654 5038 conjugem
669 4969 806 5038 habuisse,
827 4978 855 5024 et
869 4985 929 5025 eant
940 4970 966 5025 in
984 4970 1043 5040 ipso
1060 4971 1123 5026 fati·

327 5072 393 5114 nore
406 5060 530 5116 adulterii
551 5060 745 5130 deprehensam
761 5063 842 5117 tacite
863 5062 1014 5128 subrisisse,
1039 5072 1067 5118 ct
1078 5064 1120 5131 ju·

327 5149 472 5216 rejurando
487 5150 607 5207 firmasse
622 5167 757 5221 riunquam
772 5163 874 5208 secum
885 5169 917 5209 ea
932 5169 992 5210 esse
1004 5155 1120 5208 miscen-

327 5239 401 5294 dum.
414 5239 481 5296 Tum
494 5242 528 5297 ad
542 5243 691 5299 adulterum
705 5262 711 5298 ι
724 5242 808 5310 Habe,
830 5244 925 5315 inquit,
939 5261 1016 5312 earu;
1032 5255 1059 5301 et
1073 5263 1119 5300 rc-

328 5343 408 5399 pcnte
421 5334 546 5390 discessit
560 5335 593 5390 ad
607 5351 727 5391 eretuurn
747 5337 817 5407 apud
842 5336 998 5393 dntouium.
1021 5337 1119 5391 Dictrut

328 5421 399 5475 euim
412 5436 473 5477 euut
483 5426 724 5482 mansuetissimum
738 5436 766 5483 et
775 5427 922 5496 patientem
937 5427 1015 5482 vaide
1026 5426 1117 5482 fuisse.

330 5508 449 5581 fictuque
467 5527 528 5569 cum
540 5514 597 5582 iarn
622 5532 705 5572 senex
720 5526 802 5581 esset,
827 5525 857 5571 et
871 5516 911 5571 ,ad
926 5517 1008 5571 vitam
1024 5533 1118 5572 moun-

330 5604 432 5685 cbicaur
445 5604 511 5680 [ed.,
522 5609 698 5682 uiouacuiea]
712 5609 909 5681 perdurationis
923 5608 1052 5672 insuetus,
1066 5625 1121 5663 orir-

233 5709 239 5718 ·
330 5693 408 5751 uibus
419 5711 481 5753 eum
496 5700 627 5759 Antonius
640 5703 831 5778 experimentis
844 5715 983 5767 exercens,
1005 5702 1120 5758 ianuile

1172 4527 1222 4568 uec
1234 4512 1317 4584 pedes
1332 4513 1446 4582 infusos,
1462 4517 1636 4587 supplicabat
1652 4521 1716 4575 seui
1732 4529 1762 4574 ut
1779 4519 1805 4573 ei
1815 4527 1906 4571 causant
1916 4506 1942 4561 rii

1171 4604 1352 4674 depromeret.
1369 4606 1491 4678 Cnnrque
1507 4610 1551 4665 ille
1565 4611 1663 4667 dicere
1687 4611 1830 4674 refutaret,
1850 4607 1943 4661 illaturi

1171 4711 1226 4751 uon
1236 4698 1315 4753 aliter
1328 4714 1358 4755 se
1370 4709 1579 4770 properaturum
1592 4704 1647 4758 nisi
1660 4709 1852 4772 cognosceret·
1862 4701 1937 4768 lr⁰¹l¹¹

1171 4794 1244 4842 iente
1259 4787 1403 4845 Theodoro
1425 4792 1492 4846 nulli
1516 4807 1547 4848 se
1560 4807 1595 4848 eo
1608 4795 1727 4850 virente
1737 4809 1807 4848 actu
1820 4789 1873 4844 fore
1887 4786 1939 4838 lictu

1172 4892 1241 4943 ruru,
1257 4878 1397 4936 coafmsus
1407 4889 1451 4936 est
1463 4882 1537 4951 quod
1550 4884 1659 4939 evenit.
1677 4882 1837 4941 Proximum
1846 4893 1901 4935 raro
1910 4872 1946 4928 tui·

1172 4968 1292 5021 raculuru
1306 4969 1369 5026 huic
1383 4987 1491 5041 quoque
1506 4974 1546 5029 rei
1562 4976 1685 5044 contigit
1702 4976 1779 5045 quod
1793 4964 1945 5030 patiami-1·

1169 5056 1235 5124 justi
1248 5067 1375 5127 parentes
1396 5065 1509 5134 alicujus
1531 5082 1547 5122 a
1566 5085 1639 5125 cane
1656 5072 1759 5128 rabido
1777 5059 1947 5143 persuasumst

1170 5149 1235 5204 fiunt
1256 5161 1284 5206 et
1310 5169 1380 5224 peue
1404 5168 1541 5215 mortuum
1566 5163 1736 5221 obtuleruut
1751 5167 1787 5233 ei,
1803 5172 1830 5219 et
1844 5159 1948 5230 ejulante

1170 5242 1385 5313 deprecabantur
1397 5258 1427 5305 ut
1448 5264 1600 5311 sanaretur.
1620 5257 1696 5313 Turn
1712 5259 1759 5315 ille
1782 5259 1815 5313 ad
1834 5245 1949 5312 eostb'ss'i

1169 5342 1240 5401 eget,
1257 5336 1354 5407 iuquit,
1374 5356 1433 5396 inea
1457 5347 1618 5413 curatione;
1637 5350 1690 5404 sed
1706 5366 1757 5405 ros
1782 5350 1804 5404 si
1816 5347 1888 5401 mltis
1902 5337 1949 5394 red

1171 5424 1236 5480 dere
1250 5426 1347 5484 bovem
1369 5448 1450 5502 quem
1471 5438 1605 5507 rapuistis
1626 5440 1754 5497 doiniuis
1774 5441 1838 5505 suis,
1857 5439 1974 5504 egrotus„

1172 5527 1284 5585 repente
1297 5524 1452 5593 sanabitur;
1465 5530 1537 5599 quod
1551 5529 1639 5584 etiam
1656 5534 1786 5604 contigit.
1808 5531 1870 5586 Nam
1883 5535 1908 5578 ut
1919 5535 1947 5575 re

1171 5609 1281 5665 stitutus
1291 5622 1333 5668 est
1343 5615 1401 5681 bos,
1414 5621 1503 5688 passio
1518 5636 1580 5676 mox
1598 5625 1722 5681 recessit
1733 5638 1850 5695 apueru.
1860 5612 1950 5685 Quantula

1172 5700 1252 5769 libili
1265 5702 1424 5766 Ammonius
1447 5710 1497 5767 iste
1516 5711 1703 5786 artoriebatur,
1719 5716 1817 5771 dicitur
1830 5708 1949 5766 britoniuu
