4059 6184
145 304 198 365 l2⁹

746 310 923 369 setsttttrb
943 312 987 368 ET
1005 312 1175 370 OECRETA.

1727 317 1777 375 teu

146 422 197 476 tria
208 420 334 492 capitula,
346 430 375 477 et
388 437 437 493 pro
449 439 541 479 eorum
557 425 714 484 defensione
728 426 772 481 diu
786 426 934 493 laborasse,
950 425 1093 497 Asynodo
1109 426 1141 479 de
1157 423 1309 497 quibusdam
1320 423 1480 479 solummodo
1494 426 1611 493 pereurris
1626 428 1777 492 actitatum:

147 492 282 561 longoque
297 501 417 560 tempore
432 491 466 547 ad
482 494 593 562 injurias
607 512 691 567 usquc
704 505 822 551 certasse
846 495 936 567 (quod

145 559 936 635 desololligiliointelligipotcst),deindecessisse,qnando

146 632 244 712 umisa
260 647 288 685 ee
305 633 438 713 patefecit.
462 633 526 699 Quia
544 637 624 690 rerba
639 636 672 689 ad
691 635 831 704 epistolam
847 634 936 703 vtgtttt

146 703 314 770 respiciunt,
329 717 374 770 qm
397 718 426 756 re
440 701 592 772 diligentius
605 712 729 769 tractata,
744 705 875 758 ueritatem
887 702 936 758 ribi

147 772 287 842 effridae,
296 785 380 839 seque
391 773 440 826 tria
450 773 564 842 capitula
572 774 713 830 damnasse
724 774 825 837 scribit,
838 782 937 828 utmox

147 842 255 897 dicetur
266 841 384 894 uberius.
753 879 756 885 -
842 841 846 846 '

183 909 229 964 lV.
251 910 384 965 Ceterum
396 916 425 964 ut
439 910 564 978 liquidius
577 912 710 966 sententia
724 911 803 979 hujus
816 911 937 979 epistolae

146 980 323 1046 intelligatur,
338 979 471 1047 simulque
484 978 560 1034 laruae
569 990 597 1035 et
606 981 727 1048 dignitati
740 980 826 1049 vigilii
839 996 938 1036 consu·

145 1050 233 1111 latur,
250 1065 303 1102 mm
321 1048 436 1103 alienum
458 1051 510 1105 erit
524 1066 609 1120 pauca
624 1051 657 1105 de
678 1051 760 1121 ipsius
773 1051 895 1105 instituto
909 1050 936 1104 in

145 1120 199 1173 hac
213 1119 293 1172 trium
305 1118 482 1188 capitulorum
497 1121 680 1176 controversia
696 1122 797 1176 dicere.
815 1120 877 1173 Tria
892 1120 937 1174 illa

988 497 1042 561 nel,
1054 507 1082 548 ut
1098 494 1195 563 Pelagii
1212 492 1232 548 ll
1247 494 1335 548 verbis
1346 502 1415 557 utar,
1429 494 1494 547 nihii
1505 496 1586 559 aliud,
1601 498 1652 551 ra'ai
1673 499 1706 554 de
1718 516 1779 569 per·

987 569 1058 620 sortis
1094 573 1193 619 actum.
1214 563 1366 630 Quinetiam
1386 563 1496 630 l‘igilius
1512 564 1537 617 in
1560 565 1673 631 epistola
1696 584 1777 637 quam

987 635 1103 697 edimus,
1127 633 1301 688 disertissime
1321 633 1468 694 adnotavit,
1484 633 1509 687 in
1531 634 1777 694 haccontrouersia

988 719 1043 758 non
1058 705 1220 771 disputatum
1235 703 1316 756 luisse
1330 702 1363 755 de
1376 700 1435 763 lide,
1449 702 1496 757 sed
1510 703 1544 757 de
1558 707 1688 771 personis.
1704 706 1777 764 Unde

988 782 1063 843 patet
1078 773 1186 826 liberam
1202 772 1281 827 luisse
1295 771 1460 839 aliteratque
1471 772 1549 826 aliter
1562 775 1587 826 in
1603 775 1654 829 hoc
1668 781 1776 845 negotio

987 842 1113 899 censemli
1126 841 1291 902 facultatem,
1299 842 1356 895 sine
1368 840 1420 895 ulla
1426 840 1584 896 Christiana:
1590 844 1724 913 religionis
1735 851 1777 901 in·
1831 905 1833 910 ,

986 912 1078 981 juria:
1095 911 1209 979 ideoque
1224 911 1359 978 Vigiliurn,
1374 910 1419 977 qui
1445 926 1520 966 suam
1533 913 1676 980 aliquoties
1689 926 1777 971 muta·

988 982 1028 1035 ιιι
1039 981 1211 1044 senteutiam,
1226 980 1260 1034 de
1272 980 1326 1034 sola
1340 980 1456 1035 lenitatis
1474 981 1613 1036 seiunctus
1627 987 1778 1054 suspicione

988 1050 1181 1121 periclitarih
1203 1065 1255 1117 qua
1279 1049 1431 1117 suspicione
1451 1057 1540 1103 tamen
1566 1053 1660 1107 abesse
1675 1066 1776 1110 tanturn

988 1121 1087 1186 debet,
1102 1129 1132 1174 ut
1145 1120 1235 1188 potius
1256 1119 1399 1187 singularis
1421 1119 1567 1187 prudentiae
1581 1123 1685 1176 laudem
1698 1141 1731 1178 ex
1748 1127 1780 1181 iis

145 1188 266 1256 capitula
279 1188 336 1242 baec
350 1197 438 1243 erant.
451 1189 477 1243 i.
489 1189 541 1244 lbae
553 1191 672 1259 episcopi
683 1189 811 1244 Edesseni
822 1191 937 1258 epistola
988 1205 1047 1260 quae
1066 1190 1093 1244 iu
1116 1190 1166 1243 bac
1188 1204 1268 1242 cansa
1283 1189 1374 1256 gessit,
1390 1189 1518 1259 consequi
1544 1206 1622 1260 posse
1645 1194 1776 1249 rideatur.

146 1259 179 1312 ad
194 1257 289 1311 liariiu
305 1255 412 1312 Persam
423 1274 430 1322 ;
443 1259 469 1310 ι.
482 1259 614 1316 theodori
629 1261 746 1329 episcopi
759 1258 937 1329 llopsuesteui
1026 1260 1069 1314 l'l.
1092 1257 1141 1325 Qui
1168 1273 1258 1312 rerum
1281 1258 1523 1313 ecclesiasticarum
1544 1271 1606 1313 sunt
1617 1262 1705 1328 periti,
1724 1281 1777 1317 nnn

145 1335 315 1397 personaet
325 1327 383 1395 eius
396 1329 514 1397 scripta;
530 1331 555 1384 ὅ.
568 1329 729 1384 Theodoreti
742 1329 938 1398 disputationes
989 1330 1114 1398 ignorant
1143 1327 1246 1382 duobus
1275 1328 1362 1383 niudis
1388 1327 1451 1381 olim
1467 1329 1567 1382 versari
1586 1331 1678 1385 solitos
1698 1331 1779 1387 luisse

147 1399 279 1451 adsersus
290 1396 432 1451 duodecim
444 1399 531 1466 capita
545 1397 637 1470 Cyrilli
647 1399 830 1454 Alexandrini.
845 1397 883 1452 Ex
898 1397 939 1453 his
989 1413 1109 1454 summos
1132 1395 1272 1466 pontifices
1300 1397 1530 1465 inquestionibus
1550 1401 1778 1479 propositisque

147 1467 236 1521 tribus
246 1465 370 1535 capitulis
383 1466 522 1536 dcephali,
531 1483 651 1538 propago
663 1469 784 1536 quadam
797 1467 939 1538 Eutychia·
989 1468 1157 1524 disciplinam
1171 1466 1361 1535 respiciebant,
1373 1468 1415 1521 rel
1430 1483 1534 1523 summo
1545 1482 1616 1533 ture,
1629 1469 1671 1523 rel
1686 1485 1781 1524 renus-

147 1551 249 1591 uornm
264 1535 434 1591 occasionem
447 1538 613 1608 arripiebant
626 1555 680 1592 non
692 1538 851 1594 admittendi
871 1551 939 1591 cort·
990 1553 1030 1594 so.
1045 1536 1113 1591 lluic
1126 1544 1339 1604 temperamento
1349 1545 1376 1590 et
1389 1552 1521 1591 canonum
1538 1538 1687 1610 remissioni
1704 1541 1779 1593 locus

147 1606 204 1661 ciiii
219 1605 462 1671 Chalcedonensis,
486 1608 563 1674 quasi
583 1607 736 1662 Nestorium
752 1608 841 1677 aliquo
860 1616 939 1676 parto
991 1616 1059 1668 crat,
1073 1607 1180 1675 quando
1193 1607 1229 1661 ob
1250 1607 1349 1660 bonum
1364 1606 1481 1670 unitatis,
1497 1616 1524 1661 et
1538 1622 1587 1676 pro
1609 1609 1780 1663 resarcienda

147 1675 267 1730 torreret.
291 1674 320 1728 ld
343 1690 378 1730 ex
397 1690 430 1730 eo
444 1677 620 1746 colligebant,
642 1676 714 1747 quod
728 1677 868 1746 epistolam
888 1675 939 1730 linc
991 1675 1116 1731 Ecclesia
1133 1691 1209 1746 pace,
1234 1676 1413 1730 necessarium
1428 1675 1567 1731 vilebatur
1591 1691 1623 1731 ea
1639 1677 1781 1733 clementia

147 1745 272 1816 synodus
285 1746 471 1814 approbasset,
483 1761 543 1813 quac
560 1755 649 1801 tamen
659 1745 786 1817 Cyrillum
801 1746 937 1816 carpebat,
991 1746 1040 1800 uti.
1056 1745 1120 1799 Eanr
1134 1746 1303 1800 clementiam
1319 1743 1404 1799 Graeci
1418 1748 1555 1815 οἰκονομίαι
1570 1758 1677 1801 vocant.
1694 1746 1782 1802 batim

147 1816 177 1868 iu
189 1813 326 1869 Theodori
337 1813 518 1885 blnpsucsteni
528 1815 691 1871 Nestorianae
702 1816 836 1871 haereseos
845 1823 941 1868 atrato·
957 1797 979 1857 Β
991 1831 1084 1871 eorum
1097 1814 1219 1885 exemplo
1231 1814 1468 1883 dispensationem,
1482 1827 1509 1869 ut
1518 1817 1580 1870 aiibi
1593 1818 1697 1871 ostendi
1709 1827 1722 1855 ⁸
1735 1817 1783 1871 ad·

148 1886 190 1939 ris
209 1883 305 1938 laudes
325 1883 496 1951 ellercbatur,
516 1893 543 1940 et
558 1885 682 1940 utebatur
704 1885 866 1956 blasphemis
886 1884 940 1940 Ne·
992 1887 1079 1940 ductis
1089 1893 1209 1940 aeterum
1233 1882 1341 1938 Petrum
1361 1894 1389 1938 et
1411 1885 1586 1939 conciliorum
1610 1888 1781 1942 testimoniis.

147 1954 229 2008 storii
246 1953 349 2017 uerbis,
368 1968 448 2020 quern
472 1971 526 2010 non
546 1964 652 2010 servato
664 1954 826 2023 judiciorum
846 1954 941 2009 ordine
993 1953 1114 2023 Utroque
1136 1953 1232 2021 agendi
1251 1953 1330 2008 inodo
1345 1968 1408 2010 usus
1421 1963 1464 2008 est
1483 1957 1508 2008 in
1533 1956 1583 2009 ltac
1597 1956 1782 2010 controversia

148 2021 310 2076 danmatum
321 2039 427 2091 (quoquc
437 2022 518 2079 fuisse
528 2024 635 2079 dicebat
645 2025 671 2079 iu
684 2024 787 2095 synodo
797 2022 939 2094 Ephesiae.
992 2024 1113 2092 vigilius,
1139 2039 1210 2078 ιιιιιιι
1220 2022 1289 2089 juris
1299 2033 1326 2078 et
1339 2038 1473 2078 eanormm
1487 2025 1589 2092 vigore,
1605 2041 1675 2080 nunc
1687 2041 1783 2080 eorum

149 2092 223 2147 Τιιιιι
238 2107 302 2146 uero
315 2092 387 2159 quod
401 2091 571 2149 Theodoreto
582 2094 608 2147 in
618 2096 834 2150 communionem
846 2109 941 2150 susce·
991 2094 1162 2159 remissione,
1177 2092 1238 2145 tidei
1252 2102 1279 2147 ct
1290 2093 1363 2161 pacis
1378 2091 1503 2147 Ecclesiae
1516 2094 1738 2150 studiosissimum
1752 2111 1783 2150 se

150 2173 211 2231 pto,
225 2161 284 2230 ejus
298 2169 386 2216 tanuen
397 2165 494 2232 scripta
505 2164 632 2219 adversus
642 2163 782 2218 duodecim
793 2162 879 2233 capita
889 2162 942 2234 Cy·
991 2163 1124 2234 praebens.
1137 2161 1313 2216 Observatum
1328 2162 1435 2231 quidem
1455 2170 1497 2216 est
1509 2163 1544 2216 ab
1558 2164 1678 2228 eruditis,
1696 2163 1784 2233 Vigilii

151 2232 217 2294 rilli,
231 2229 450 2301 quibusNestorii
465 2232 573 2288 heresis
583 2233 809 2302 proscribebatur,
825 2234 943 2305 synodus
992 2247 1052 2302 quae
1075 2232 1226 2295 ridebatur,
1240 2230 1457 2292 inconstantiam,
1472 2231 1621 2301 prudentiae
1635 2244 1664 2288 et
1677 2244 1783 2287 maturo

150 2300 383 2355 ctintcedonensis
401 2317 456 2356 non
470 2302 633 2360 damnasset.
658 2302 698 2357 Ex
718 2303 813 2358 iisdem
835 2316 942 2371 quoque
993 2301 1107 2358 consilio
1126 2315 1186 2356 esse
1210 2298 1380 2354 tribuendam
1400 2318 1407 2352 :
1430 2302 1476 2355 sed
1491 2317 1545 2355 ιιοιι
1560 2302 1709 2358 docuerunt
1722 2318 1785 2358 euru

116 2377 119 2378 ’
150 2370 289 2440 capitibus
308 2369 457 2426 Nestoriani
475 2372 598 2428 baeresim
617 2389 694 2428 suam
707 2373 857 2427 instaurare
871 2372 942 2426 nite·
993 2371 1088 2440 agendi
1100 2371 1208 2424 modum
1223 2371 1378 2425 acanonica
1390 2370 1529 2438 disciplina
1540 2373 1712 2441 pependisse.

152 2443 264 2500 liarrtur,
287 2440 397 2508 prolatis
410 2458 445 2496 ex
460 2441 601 2498 Theodoro
615 2442 804 2512 llnpsuesteno
818 2441 943 2497 testimo·
1031 2439 1084 2495 vti.
1096 2440 1135 2495 dc
1150 2438 1356 2507 primoquidem
1371 2439 1434 2493 nihii
1446 2439 1518 2493 aliud
1529 2441 1563 2494 ab
1574 2456 1607 2495 eo
1622 2451 1785 2511 exspectan·

153 2511 253 2576 uiis‚ct
268 2524 299 2564 ex
315 2509 477 2567 Theodoreti
492 2511 619 2567 adversus
631 2511 760 2583 Gyrillum
773 2510 942 2565 dissertatio·
993 2509 1056 2564 dum
1072 2517 1131 2565 erat
1144 2508 1233 2563 statim
1261 2516 1321 2577 post
1341 2507 1533 2578 profectionem
1557 2525 1633 2564 suam
1647 2526 1680 2566 ex
1704 2510 1784 2576 Urbe,

154 2582 245 2633 aribus.
260 2578 327 2633 Cum
342 2590 431 2636 aowin
446 2581 473 2635 iu
490 2582 516 2636 td
530 2598 612 2636 unum
625 2580 790 2636 lastinianus
804 2579 943 2635 incumbe·
993 2595 1073 2649 quarn
1088 2587 1119 2634 ut
1138 2580 1208 2633 votis
1228 2574 1437 2633 Occidentalium
1461 2577 1587 2644 favendo,
1600 2595 1630 2634 se
1643 2584 1787 2636 vetustatis

152 2658 207 2712 ιιι,
220 2658 250 2701 ιιι
261 2650 421 2720 acephalos,
432 2651 477 2719 qui
490 2664 585 2719 graves
598 2652 626 2705 ιιι
637 2650 754 2722 AEgypto
764 2656 792 2705 et
801 2648 944 2704 inriente
993 2649 1126 2704 vindicem
1154 2654 1304 2716 prestaret.
1331 2647 1423 2716 ltaque
1450 2648 1545 2704 litteris
1572 2664 1605 2703 ex
1628 2650 1724 2706 itinere
1750 2652 1785 2705 ad

153 2729 247 2774 nictus
261 2720 423 2784 excitabant,
434 2719 537 2789 legibus
549 2720 605 2777 suis
618 2721 806 2786 insectaretur,
818 2717 943 2774 Theodo-
993 2717 1098 2772 uenatu
1113 2718 1198 2778 datis,
1220 2717 1419 2771 damnationem
1444 2718 1525 2772 trium
1552 2720 1728 2789 capitulorum
1742 2733 1786 2775 re·

155 2805 202 2842 rus
214 2788 345 2843 Cesarea
366 2788 541 2859 Cappadociae
564 2791 721 2861 episcopus,
746 2788 943 2858 dcephalorum
994 2787 1145 2858 prehendit,
1159 2795 1187 2841 ct
1201 2786 1296 2854 legatis
1309 2787 1342 2840 ad
1356 2784 1533 2841 lastinianum
1548 2789 1638 2845 ntissis
1649 2789 1743 2860 petivit
1755 2797 1785 2845 ut

155 2860 256 2920 lautor,
272 2868 299 2912 et
313 2867 431 2914 sectator
440 2855 585 2927 Origenisa
599 2862 690 2930 paucis
699 2860 777 2914 aunis
789 2858 942 2929 proscripti,
994 2866 1131 2929 pateretur
1144 2871 1204 2911 eam
1229 2855 1353 2911 rescindi.
1370 2854 1468 2911 Urbem
1483 2857 1579 2912 deinde
1592 2857 1787 2915 Constantino-

155 2927 188 2980 ad
201 2927 333 2983 ultionem
343 2942 436 2983 eornm
447 2945 506 2998 quae
516 2927 756 3000 contraOrigenem
767 2936 842 2997 gesta
854 2935 943 2991 erant,
994 2928 1140 3051 politanam
1156 2926 1291 2994 ingressus
1302 2933 1399 2981 oetam
1413 2926 1539 2982 calendas
1552 2927 1700 2993 Februarii,
1714 2943 1787 2982 anno

155 3005 184 3052 et
198 3004 229 3051 ut
243 2997 387 3056 hantinens
400 2998 543 3069 Atrephalis
555 3001 702 3068 periculum
712 3007 860 3061 averteret,
875 3012 942 3052 con·
1013 2996 1057 3058 ll,
1078 2996 1182 3049 lienam
1201 3005 1229 3050 et
1252 2995 1319 3049 alios
1338 2995 1518 3065 capitulorum
1530 2996 1712 3057 damnatores.
1725 2999 1788 3054 illos

156 3066 318 3121 tranensium
329 3067 364 3122 de
377 3068 461 3123 tribus
477 3069 600 3138 capitidis
612 3069 752 3133 excitavit,
776 3076 804 3122 ut
817 3065 943 3122 Ecclesiae
995 3080 1105 3137 quoque
1119 3065 1165 3135 qni
1188 3064 1389 3120 damnatoribus
1413 3067 1658 3129 communicabant,
1681 3083 1785 3124 aeona·

156 3151 252 3206 pacem
267 3136 445 3205 perturbaret.
463 3138 513 3193 Pro
527 3154 559 3192 ea
573 3140 663 3207 itaque
674 3154 725 3204 qua
739 3138 845 3191 valebat
858 3137 943 3205 gratia
956 3158 981 3222 C
997 3135 1122 3190 ruunioue
1135 3135 1292 3216 suspendit:
1309 3150 1389 3204 quam
1405 3143 1494 3189 tamen
1509 3135 1559 3190 illis
1583 3146 1645 3205 post
1666 3140 1788 3207 quinque

156 3206 228 3276 apud
238 3206 389 3276 principem
400 3207 474 3277 pacis
482 3208 669 3264 ecclesiastica:
679 3208 777 3278 alioqui
785 3207 942 3271 studioum,
995 3220 1102 3258 menses
1127 3205 1253 3267 restituit,
1268 3203 1416 3259 Theodora
1439 3204 1564 3272 Augusta
1584 3213 1689 3274 rogatu.
1706 3206 1786 3262 ilatio

157 3291 206 3346 per
220 3276 360 3331 cuniculos
378 3292 434 3331 rcm
455 3292 594 3345 aggressus
616 3287 668 3333 est.
693 3277 774 3347 Spem
794 3275 945 3331 iustiniano
996 3276 1133 3344 potissima
1145 3289 1193 3329 cur
1205 3274 1369 3327 danrnationi
1385 3274 1465 3328 triiim
1481 3275 1657 3345 capitulorum
1672 3276 1788 3347 relraga·

157 3344 222 3400 iecit
235 3346 358 3400 ineundae
376 3361 436 3401 cum
461 3347 601 3417 Acephalis
616 3347 783 3413 concordiae,
803 3346 826 3400 si
849 3353 946 3413 praeter
996 3355 1080 3407 retur,
1096 3345 1153 3398 haec
1167 3353 1235 3404 erat,
1251 3344 1322 3413 quod
1340 3344 1508 3399 existimaret
1530 3345 1596 3399 nihii
1618 3360 1712 3400 eorum
1726 3361 1789 3415 quas

157 3413 324 3469 Tireodoreti
344 3418 443 3487 scripta
458 3419 585 3472 atversus
603 3417 749 3488 cyrillum,
761 3416 874 3485 epistola
894 3414 947 3468 lbre
997 3413 1024 3466 in
1039 3415 1142 3485 syuodo
1155 3412 1368 3467 chalcedonensi
1382 3423 1457 3479 gesta
1471 3422 1557 3479 erairt,
1573 3417 1711 3471 retractari
1723 3431 1788 3485 pos·

156 3481 286 3540 Edesseni
302 3485 412 3540 recitata
424 3487 450 3540 in
462 3487 576 3542 concilio
588 3485 808 3548 chalcedonensi,
818 3493 945 3552 tanquam
996 3497 1037 3546 se,
1049 3496 1082 3536 eo
1096 3482 1168 3549 quod
1183 3497 1213 3535 ea
1228 3483 1263 3535 sit
1273 3483 1436 3548 generalium
1451 3483 1614 3553 synodorum
1628 3488 1784 3546 auctoritas.

157 3554 241 3624 inrpia
256 3554 423 3623 rejiceretur,
438 3565 466 3610 et
480 3555 637 3610 Theodorus
651 3570 759 3625 quoque
776 3555 820 3608 illa
831 3553 946 3625 epistola

156 3623 301 3689 laudatus,
332 3634 458 3694 tanquam
491 3626 606 3680 llrrstorii
629 3640 727 3696 parens
753 3626 945 3688 damnaretur3

157 3693 237 3760 cuius
247 3692 323 3748 lamae
335 3694 465 3750 Cesarea
476 3695 616 3765 episcopus
627 3711 660 3749 er
674 3709 708 3750 eo
720 3708 827 3763 quoque
836 3690 947 3748 inicstus

158 3770 232 3830 erat,
248 3762 320 3833 qnod
333 3762 457 3834 Origeuis
470 3764 645 3819 deliramenta
661 3765 724 3820 olim
740 3763 893 3818 refutasset.

194 3831 228 3885 t.
243 3831 407 3889 iustinianus
422 3834 534 3889 utilitate
553 3834 669 3905 puldica,
686 3842 715 3889 ut
726 3833 776 3889 sibi
784 3832 891 3903 quidem
906 3831 947 3885 ιι-

158 3901 285 3968 debatur,
296 3904 438 3968 excitatus,
446 3903 535 3958 libello
547 3905 611 3959 satis
625 3903 736 3974 copioso
751 3903 801 3957 tria
815 3902 860 3955 illa
875 3901 949 3970 capi-

159 3971 216 4027 tula
241 3973 419 4096 proscripsit,
442 3982 471 4028 et
488 3973 521 4028 ab
540 3974 670 4043 episcopis
690 3970 807 4027 Orientis
827 3970 949 4025 damnari

159 4043 326 4113 procurarit.
364 4044 495 4105 uimrero,
510 4044 571 4111 quia
584 4043 663 4098 trium
675 4042 851 4111 capitulorum
867 4053 949 4108 nego·

159 4112 228 4166 tium
244 4112 343 4169 nullius
368 4112 463 4167 s'nodi
484 4112 585 4180 jndicio
599 4123 657 4168 erat
671 4111 881 4181 prejudicatum,
895 4112 948 4165 imo

158 4196 226 4236 vcro
239 4181 334 4253 synodi
357 4130 583 4238 clatcedonensis
596 4181 752 4250 dignitatern
767 4180 801 4234 ali
823 4195 857 4233 uo
870 4189 949 4248 pacto

157 4250 262 4306 violare
276 4250 427 4316 ridebatur,
446 4248 562 4308 Orientis
580 4251 736 4334 patriarchae
747 4250 792 4319 qui
804 4194 949 4304 justiniani

157 4320 274 4376 decreto
286 4321 509 4391 subscripserant,
519 4337 550 4378 se
562 4320 708 4377 vsadactos
720 4320 801 4375 luisse
813 4319 950 4389 Stephano

158 4390 311 4460 responsali
325 4391 454 4446 Romanae
465 4391 535 4446 sedis
558 4390 670 4462 prolessi
685 4397 756 4445 sunt.
772 4388 863 4443 henas
886 4403 950 4443 vero

159 4458 474 4531 Corrstantinopolitanus
484 4461 625 4531 episcopus
638 4475 698 4516 eam
711 4459 891 4515 conditionem
901 4457 951 4512 ad-

997 3560 1027 3605 ut
1037 3552 1070 3606 de
1084 3552 1116 3605 iis
1126 3565 1185 3621 qua
1197 3550 1411 3618 illarunrjudicio
1424 3551 1507 3606 semel
1520 3554 1643 3607 ordinata
1654 3563 1682 3607 et
1695 3554 1787 3622 dispo·

996 3622 1048 3675 sita
1061 3628 1132 3684 sunt,
1148 3621 1244 3674 iterum
1258 3618 1401 3688 disceptari
1416 3636 1468 3675 non
1486 3620 1594 3676 debeat.
1607 3621 1645 3676 Ea
1659 3631 1700 3678 est
1714 3622 1786 3678 enim

997 3689 1196 3746 retractationis
1218 3686 1377 3757 significatio
1391 3690 1460 3761 apud
1473 3688 1690 3760 jurisconsultos,
1705 3707 1785 3759 quarn

997 3758 1090 3815 Gracc
1110 3760 1301 3832 drapalipmu
1314 3769 1420 3825 nocant,
1435 3760 1492 3816 sive
1517 3760 1677 3816 παλινδικίαν.
1693 3759 1787 3829 ltaque

997 3831 1037 3884 rei
1048 3829 1174 3897 iudicatae
1187 3843 1253 3883 esce
1273 3828 1346 3883 tione
1372 3829 1519 3898 repellebat
1533 3831 1648 3885 novandi
1657 3830 1786 3887 studium.

998 3900 1118 3955 Addebat
1131 3913 1239 3967 quoque
1308 3899 1350 3953 nis
1364 3913 1396 3965 pa
1453 3900 1650 3963 auctoritatem,
1661 3904 1706 3967 qui
1722 3916 1788 3955 con-

998 3969 1083 4039 ceptis
1096 3970 1186 4024 verbis
1196 3976 1270 4036 gesta
1284 3968 1378 4038 synodi
1411 3968 1614 4024 halcedonensis
1626 3968 1788 4024 condimen-

999 4038 1034 4093 do
1048 4047 1185 4101 uetuerat,
1212 4053 1246 4092 ne
1260 4052 1304 4091 res
1319 4036 1345 4091 in
1368 4037 1471 4108 syuodo
1484 4038 1601 4094 definite
1626 4039 1680 4094 ullo
1694 4039 1789 4095 colore

999 4109 1112 4180 quaesito
1123 4114 1342 4163 retractarentur.
1351 4106 1449 4162 Ocinde
1460 4123 1524 4163 vero
1534 4124 1593 4163 cum
1602 4109 1704 4177 legibus
1714 4110 1788 4178 ptiu-

1000 4179 1088 4247 cipum
1114 4177 1269 4232 retractatio
1287 4176 1415 4232 adversus
1434 4179 1581 4232 sententias
1600 4178 1789 4249 praefectorum

1000 4247 1127 4320 pretorio
1140 4248 1209 4301 intra
1220 4247 1288 4303 diros
1298 4260 1384 4301 auitos
1395 4247 1486 4315 peragi
1499 4246 1622 4313 deberet,
1632 4248 1688 4302 haec
1700 4257 1789 4303 ιιιιιιιιι

1001 4321 1081 4372 trium
1109 4316 1288 4385 capitulorum
1321 4317 1477 4371 retractatio
1502 4317 1629 4370 adversus
1656 4316 1790 4386 synodum

1002 4387 1180 4441 triiirersalein
1208 4385 1290 4440 tutius
1315 4385 1387 4439 orbis
1412 4399 1544 4440 consensu
1565 4384 1706 4447 firmatam,
1728 4397 1790 4455 post

1001 4465 1109 4512 centum
1123 4470 1208 4510 annos
1222 4462 1371 4521 urgeretur,
1398 4462 1429 4508 ut
1451 4454 1624 4523 conqueritur
1645 4454 1811 4519 Facutidus

160 4530 235 4598 iecit,
263 4530 287 4584 si
312 4530 370 4585 bac
394 4529 517 4587 Romano
537 4533 664 4602 episcopo
685 4546 738 4610 non
752 4529 948 4610 probarentur,
966 4521 1201 4580 Ollermianensis
1218 4541 1225 4576 z
1241 4522 1305 4578 iliud
1318 4531 1472 4593 supererat,
1492 4534 1521 4579 ut
1535 4524 1676 4580 doceretur
1690 4526 1730 4579 his
1741 4542 1789 4581 ca·
1846 4534 1848 4537 '

159 4615 239 4654 snum
257 4599 310 4655 sihi
333 4599 538 4671 chirographum
560 4602 713 4657 restitutum
727 4614 781 4652 iri:
807 4597 878 4667 quod
900 4598 950 4652 sub

161 4667 335 4737 iurisiurandi
350 4669 402 4725 lide
420 4670 459 4726 illi
484 4673 645 4740 promissum
659 4677 709 4724 est.
722 4669 809 4738 Atque
821 4667 889 4720 adeo
902 4664 950 4720 lu-

161 4738 293 4793 stiuiamrs
305 4740 425 4795 sentiens
438 4741 502 4794 nihil
516 4741 543 4795 iu
556 4741 608 4796 hoc
619 4739 724 4808 negotio
736 4738 808 4807 quod
819 4735 951 4791 Ecclesia·

161 4823 220 4860 rum
235 4816 334 4864 statum
348 4808 520 4880 respiciebat,
548 4810 645 4865 tentari
673 4808 774 4863 utiliter
799 4820 879 4875 posse
892 4806 950 4860 sine

161 4879 295 4932 sententia
311 4877 424 4933 Romani
438 4878 581 4949 pontilicis,
604 4878 728 4947 Vigilimn
744 4876 829 4931 Roma
843 4886 947 4931 evocat.

162 4943 321 5002 Pontificem
336 4947 420 5002 Routa
435 4949 575 5004 abeuntem
591 4947 709 5005 Ecclesia
739 4946 869 5011 haniaria,
903 4960 949 5000 ro·

162 5016 257 5070 riocise
269 5030 378 5086 quoqne
392 5016 539 5084 diricanae,
550 5017 695 5085 Sardinia,
707 5014 833 5071 Hellados
846 5024 873 5069 et
885 4961 949 5085 fliy-

162 5085 209 5165 rici
224 5085 366 5167 ebtestatar
379 5096 450 5153 sunt,
467 5097 535 5143 teste
549 5087 685 5151 Facundo,
708 5101 742 5142 ne
756 5085 888 5140 ullatenus
899 5100 949 5140 no·

162 5164 238 5210 tutati
253 5157 447 5226 acquiesceret.

197 5225 348 5293 Antequam
359 5240 422 5281 uero
436 5225 498 5295 qnid
514 5225 597 5292 egerit
612 5225 639 5282 iu
653 5225 704 5279 hac
714 5239 796 5279 causa
808 5223 948 5293 explicem,

162 5293 360 5349 observandum
374 5303 416 5351 est
428 5311 488 5351 cum
504 5294 611 5362 Pelagio
624 5304 652 5349 et
664 5295 695 5348 il.
706 5294 846 5362 Gregorio,
859 5294 886 5347 iu
900 5293 950 5349 hac

162 5366 348 5420 controversia
368 5380 421 5419 non
438 5366 608 5434 disputatum
622 5364 704 5419 inisse
725 5363 758 5417 de
781 5362 841 5425 lide,
857 5362 904 5417 sed
916 5362 951 5419 de

162 5434 294 5490 deisonis.
311 5431 339 5488 ld
353 5442 465 5489 testatur
475 5434 597 5503 Pelagius
611 5434 620 5488 l
635 5435 661 5488 in
673 5432 784 5503 epistola
799 5433 830 5485 ad
842 5430 952 5488 Ohilde·

162 5501 268 5556 hrrtnnt
292 5517 307 5557 r
341 5519 385 5558 em
408 5502 583 5570 Francorum,
598 5505 643 5573 qui
668 5511 731 5558 tunc
745 5504 771 5556 in
784 5498 894 5557 Oriente
905 5517 951 5557 ca·

163 5573 245 5640 p'tula
260 5587 296 5642 qu
339 5584 469 5627 amostra
482 5575 561 5644 fidem
584 5575 683 5643 agitata
702 5572 784 5627 luisse
800 5572 901 5626 scribit.
917 5571 948 5625 B.

160 5655 269 5710 quoqne
282 5641 428 5712 Gregorius
455 5641 586 5699 litbemia
599 5645 742 5715 episcopos
760 5650 861 5706 mouet,
876 5643 904 5696 iu
918 5655 950 5696 ea

197 5783 213 5815 ²
226 5774 287 5836 tit.
299 5774 373 5834 mdc
387 5776 523 5835 concord.
538 5777 682 5836 sacordotii
697 5786 724 5836 et
739 5775 855 5842 irnperii,
870 5790 896 5832 c.
913 5773 955 5831 ιδ.

1001 4593 1199 4665 pitulisjudicio
1208 4594 1300 4664 synodi
1312 4592 1536 4649 Chalcedonensis
1548 4597 1683 4664 prouisum
1694 4595 1788 4652 luisse.

1000 4665 1078 4732 Quod
1093 4665 1241 4720 luculenter
1253 4663 1333 4718 docet
1349 4662 1494 4729 vigiliusin
1506 4665 1665 4732 constituto,
1680 4674 1707 4720 et
1723 4666 1790 4721 ube-

999 4739 1056 4789 rius
1067 4732 1206 4789 Facundus
1219 4732 1245 4786 in
1260 4731 1334 4787 libris
1349 4731 1382 4786 ad
1395 4730 1585 4788 iustinianum:
1603 4750 1689 4803 neque
1699 4744 1790 4790 omen

1002 4804 1066 4859 iude
1076 4804 1152 4873 sequi
1167 4802 1266 4873 aliquid
1280 4800 1343 4859 [idei
1357 4804 1524 4858 contrarium
1537 4819 1552 4857 a
1572 4805 1675 4875 synodo
1689 4802 1790 4858 admis-

1002 4890 1062 4930 sum
1079 4874 1168 4928 luisse.

1038 4942 1104 4998 lllll.
1119 4944 1251 4998 Caeterum
1261 4941 1312 4997 etsi
1322 4941 1433 5011 Pigiiius
1447 4942 1519 4998 nulia
1531 4943 1557 4998 ιι
1571 4941 1641 5011 adigi
1652 4949 1743 5023 posset
1756 4940 1790 4995 ad

1002 5013 1237 5082 subscriptionem,
1265 5013 1404 5068 consensit
1425 5013 1532 5067 taudem
1556 5027 1626 5066 anno
1645 5010 1697 5065 548
1721 5012 1791 5064 utin

1002 5090 1137 5138 conventu
1147 5082 1181 5135 td
1194 5084 1381 5150 episcoporum
1395 5081 1453 5136 hee
1463 5097 1543 5138 causa
1557 5079 1792 5148 Constantinopoli

1003 5151 1202 5209 discuteretur:
1222 5151 1441 5219 singulorumque
1455 5151 1586 5216 sullragiis
1598 5148 1632 5202 ad
1646 5164 1676 5203 se
1689 5150 1793 5218 scripto

1004 5221 1112 5286 delatis,
1121 5222 1178 5290 ipse
1190 5220 1341 5274 ιιιιιιιιιιιιι
1354 5220 1427 5274 dedit
1440 5220 1473 5273 ad
1489 5220 1665 5286 Merumque
1680 5218 1730 5272 tria
1745 5235 1793 5273 ca·

1001 5292 1085 5362 pitula
1100 5292 1252 5345 damnabat.
1270 5287 1327 5345 lioc
1341 5287 1404 5344 lecit
1431 5290 1482 5345 κατ’
1504 5291 1651 5357 οἰκονομίαι,
1675 5288 1732 5342 sire
1746 5302 1794 5341 re·

1002 5362 1158 5417 missionem
1182 5368 1210 5414 et
1223 5360 1452 5429 dispensationem
1470 5358 1637 5421 cariorricam,
1652 5356 1685 5412 ad
1698 5372 1796 5428 pacem

1003 5440 1062 5486 tum
1075 5429 1256 5485 Orientalibus
1268 5427 1445 5484 retinendam
1458 5428 1486 5481 Si
1501 5426 1561 5495 quis
1582 5426 1606 5482 id
1622 5443 1636 5480 a
1651 5443 1694 5482 rne
1708 5427 1796 5482 curili.

1002 5511 1075 5556 cittin
1091 5508 1176 5571 putet,
1191 5500 1281 5552 audiat
1296 5497 1429 5567 vigilium,
1442 5498 1487 5564 qui
1510 5512 1559 5566 pro
1573 5512 1603 5552 se
1617 5497 1687 5553 dicet
1703 5498 1729 5551 iu
1744 5511 1796 5550 cti·

1002 5570 1105 5641 cyclica
1117 5570 1245 5624 adversus
1257 5567 1428 5622 Theodorum
1440 5567 1656 5622 caesareensem:
1673 5566 1796 5621 Primum

1002 5640 1111 5711 quidem
1136 5640 1163 5694 in
1178 5654 1211 5695 co
1224 5637 1296 5707 quod
1317 5651 1367 5706 pro
1380 5636 1506 5694 scandalo
1521 5634 1795 5695 relrcuaudocurtb·
