4059 6184
445 269 549 329 932

1665 269 1735 329 M.-
1779 269 2057 329 aunem
2091 271 2492 332 casatonont

3629 277 3732 334 aio

443 384 627 445 nitatis
646 383 990 454 accederent,
1023 392 1078 438 et
1103 384 1282 440 ceteri
1302 399 1405 455 pre
1432 384 1554 441 liliis
1572 393 1626 442 et
1654 386 1911 445 uxoribus
1934 402 2042 442 me·
2069 405 2113 463 Α
2143 389 2418 462 paululum
2439 405 2560 446 eum
2590 390 2711 447 aliis
2751 347 3094 463 pontificibus
3147 392 3263 461 ipse
3317 388 3732 462 conscripserat,

443 486 658 539 tuentes
708 492 777 531 ne
831 476 959 545 quid
982 475 1106 530 mali
1127 483 1441 548 paterentur
1484 479 1532 540 si
1577 478 2033 548 contradicerent,

441 570 614 641 quieti
633 576 909 646 vacarent,
934 567 1119 623 nudati
1148 568 1346 625 solatio
1388 570 1745 629 multitudinis
1803 573 2036 644 templo-

442 678 561 717 rum
582 660 817 719 cultores
842 667 899 727 et
918 659 1231 719 sacerdotes
1246 662 1533 719 simulacra
1550 664 1694 735 apud
1714 680 1775 723 se
1801 667 2037 737 reposita

441 750 831 824 pretiosissima
889 749 1244 818 tradiderunt,
1267 761 1324 808 et
1348 768 1468 824 quae
1495 752 1642 810 Jovis
1670 753 1893 811 fulmina
1942 773 2038 813 vo-

441 844 741 912 cabantur;
769 852 826 900 et
850 859 952 916 per
974 844 1296 915 semetipsos
1324 846 1440 902 haec
1470 848 1769 904 educebant
1812 865 1882 904 ex
1902 849 2037 922 ady-

443 937 514 994 tis
539 946 598 993 et
625 937 949 1008 templorum
980 937 1272 995 latentibus
1301 939 1434 995 locis
1465 957 1479 994 ι
1511 955 1739 1013 quaeque
1782 944 1930 1014 prius
1950 943 2037 999 in-

444 1029 674 1086 visibilia
698 1029 839 1100 apud
870 1044 969 1084 cos
996 1037 1172 1096 erant,
1197 1038 1253 1086 et
1286 1031 1415 1088 solis
1449 1032 1822 1090 sacerdotibus
1867 1036 2040 1091 mani-

442 1125 602 1190 festa,
627 1122 769 1181 facta
796 1133 923 1179 sunt
955 1125 1204 1181 omnibus
1227 1125 1387 1180 valde
1418 1124 1691 1181 vilissima.
1750 1126 1882 1182 Aliae
1909 1142 2040 1183 vero

446 1216 704 1285 imagines
722 1225 778 1273 et
796 1223 990 1275 statute
1010 1232 1079 1272 ex
1099 1217 1489 1288 pretiosissima
1506 1216 1767 1274 consectae
1791 1218 2036 1286 materia,

445 1307 567 1377 igne
584 1317 839 1364 cremat-‘c
854 1316 1001 1376 sunt,
1023 1316 1078 1364 et
1096 1309 1338 1379 pecuniae
1354 1309 1567 1378 publice
1581 1308 1671 1383 [F.
1688 1310 1788 1382 leq.
1806 1308 2039 1383 pubicoe]

443 1398 682 1454 socians.
701 1398 832 1468 Quoe
850 1414 982 1456 vero
996 1414 1064 1454 ex
1076 1414 1186 1455 :ere
1200 1399 1518 1456 mirabiliter
1538 1399 1679 1456 facta
1697 1401 2040 1468 videbantur,

444 1491 512 1546 ad
532 1488 1058 1561 Constantinopolim
1080 1500 1206 1548 sunt
1231 1491 1710 1551 advectaoruatus
1730 1508 1894 1549 causa
1915 1494 2041 1565 (Αιι.

447 1583 604 1639 Dum.
636 1581 786 1656 355),
818 1591 875 1638 et
895 1582 1162 1638 hactenus
1189 1583 1242 1638 in
1272 1583 1486 1653 publico
1515 1583 1805 1654 collocata,
1852 1591 1909 1641 et
1944 1599 2044 1655 per

447 1678 673 1750 plateas,
704 1685 761 1733 et
789 1678 843 1732 in
867 1678 1034 1745 circo,
1062 1686 1227 1749 atque
1254 1678 1544 1747 regalibus,
1559 1677 1613 1734 id
1638 1687 1723 1736 est
1744 1678 1933 1751 Pythia
1958 1678 2044 1734 dl-

2140 489 2364 551 repente
2390 481 2763 539 Nicomediam
2777 483 3038 540 deserens
3080 482 3733 554 Constantinopolitanam

2138 572 2364 642 arripuit
2388 572 2598 643 sedem,
2620 574 2825 643 regulis
2842 590 2874 630 e
2899 575 3115 632 diverso
3144 575 3568 644 clamitantibus,
3622 575 3736 646 epi-

2138 679 2333 735 scopos
2352 671 2411 721 et
2431 665 2776 737 presbyteros
2801 678 2909 721 non
2927 665 3091 722 licere
3108 680 3177 721 ex
3191 665 3295 721 alia
3319 666 3538 722 civitate
3557 674 3734 722 trans-

2141 756 2220 813 ire
2259 756 2327 811 ad
2359 745 2692 812 *aliamJSed
2713 756 2909 812 mirum
2923 772 3040 813 non
3063 765 3150 812 est
3176 763 3238 811 ut
3254 756 3346 828 qui
3369 757 3449 813 sie
3468 756 3737 812 insaniunt

2137 849 2394 905 adversus
2407 846 2673 917 Unigeniti
2694 849 2971 918 deitatem,
2996 849 3133 905 licen
3140 856 3221 905 ter
3235 848 3399 904 etiam
3411 847 3542 904 alias
3561 858 3737 904 trans·

2137 939 2450 1008 grediantur
2490 939 2658 1010 leges.
2700 937 2818 995 Non
2846 939 2990 996 enim
3040 948 3171 996 tunc
3197 939 3542 996 solummodo
3595 939 3738 995 hanc

2139 1031 2434 1086 novitatem
2464 1030 2611 1098 fecit,
2642 1031 2737 1087 sed
2765 1031 2932 1088 etiam
2960 1030 3092 1087 olim
3139 1030 3283 1087 aliud
3322 1030 3499 1088 simile
3540 1045 3737 1102 perpe-

2141 1124 2318 1179 travit.
2351 1123 2454 1191 Qui
2479 1123 2606 1180 dum
2635 1124 2691 1178 in
2721 1123 2920 1197 Beryto
2949 1131 3095 1180 esset
3113 1125 3422 1195 episcopus,
3453 1123 3741 1179 transilivit

2141 1215 2197 1271 in
2224 1213 2615 1285 Nicomediam,
2646 1224 2702 1271 et
2730 1231 2800 1272 ex
2823 1232 2890 1272 ea
2918 1216 3097 1274 denuo
3137 1225 3260 1287 post
3280 1217 3565 1272 concilium
3591 1217 3737 1271 insa-

2143 1305 2231 1361 nia
2257 1313 2461 1373 aperta:
2483 1306 2774 1376 impietatis
2800 1315 3023 1364 exactus
3043 1316 3145 1375 est,
3169 1315 3368 1364 etcum
3391 1322 3458 1364 eo
3487 1305 3737 1375 Theogo-

2143 1398 2265 1455 nius
2284 1389 2548 1455 NicaenuS.
2583 1397 2736 1465 Quod
2769 1399 3065 1468 imperator
3114 1397 3500 1456 Constantinus
3544 1398 3739 1462 litteris

2143 1492 2486 1550 manifestum
2515 1493 2662 1549 fecit.
2698 1492 2810 1560 Ego
2838 1507 2965 1548 vero
2993 1492 3116 1548 huic
3153 1491 3302 1562 operi
3333 1490 3493 1553 linem
3535 1491 3738 1561 episto-

2142 1583 2212 1640 1ae
2240 1584 2482 1659 inserere
2503 1583 2764 1654 judicavi.
2790 1582 3016 1653 Scripsit
3043 1581 3185 1637 enim
3207 1580 3332 1645 ,haec
3363 1580 3740 1645 ‚Nimmedien-

2145 1676 2294 1733 sibus
2318 1693 2331 1731 :
2358 1673 2493 1744 Quis
2515 1684 2600 1733 est
2626 1675 2716 1736 hic
2737 1676 2832 1745 qui
2857 1674 2931 1729 ita
2971 1673 3232 1746 populum
3258 1672 3443 1731 docuit
3486 1672 3741 1741 innocen·

448 1771 706 1827 vinateris
734 1767 1016 1840 ApolliniS,
1040 1777 1097 1824 et
1121 1785 1286 1825 mtxsae
1306 1768 1673 1838 Heliconides,
1700 1779 1755 1826 et
1801 1768 2045 1843 Delphici
2077 1780 2121 1839 Β
2147 1778 2259 1826 tem
2281 1771 2306 1826 ἲ
2327 1769 2589 1826 Eusebius
2604 1770 2792 1839 utique
2819 1769 3110 1840 tyrannica:
3121 1766 3455 1823 crudelitatis
3475 1767 3737 1826 excultor.

448 1854 705 1932 tripodes.
728 1859 1077 1930 Spoliataque
1102 1868 1231 1918 sunt
1253 1860 1438 1930 ianuis
1476 1862 1700 1933 templa,
1725 1876 1781 1917 et
1833 1862 1937 1917 alia
1964 1861 2045 1917 la-

443 1952 739 2024 quearibus
765 1959 894 2006 sunt
920 1950 1141 2017 nudata,
1164 1951 1269 2006 alia
1299 1966 1429 2006 vero
1459 1951 1705 2020 neglecta
1734 1951 1801 2006 ad
1855 1950 2047 2008 sordes

437 2057 618 2118 utique
664 2041 981 2111 ruinamque
1032 2042 1287 2112 perducta
1347 2054 1487 2098 sunt.
1539 2041 1688 2098 Tum:
1736 2046 1908 2112 itaque
1948 2062 2044 2114 pu·

449 2133 659 2190 fierunt
677 2141 736 2190 et
761 2133 977 2203 penitus
1000 2140 1126 2188 sunt
1146 2149 1351 2198 eversa,
1375 2138 1423 2186 id
1447 2146 1543 2198 nst,
1583 2138 1631 2190 ἰιι
1659 2134 1828 2202 AEgna
1848 2138 2044 2190 tlilicim

449 2224 705 2295 templum
730 2222 1048 2295 AEsculapii,
1076 2232 1133 2279 el.
1150 2224 1205 2279 in
1228 2224 1459 2293 Aspitt‘ic-is
1491 2226 1639 2294 iuxta
1692 2238 1928 2282 [ιιιιιιιιΐ-ιιι
1960 2226 2044 2278 Li-

433 2315 669 2383 tranum,
698 2322 758 2370 et
785 2314 1022 2376 Adonim
1042 2312 1260 2370 fluvium
1311 2318 1531 2370 ''l'cttcris
1559 2318 1748 2370 damus·
1772 2338 1788 2370 ι
1820 2328 2044 2386 utraque

448 2407 593 2478 apud
639 2406 763 2462 illos
808 2392 1037 2476 insignia
1064 2424 1080 2474 ;
1112 2422 1180 2464 eo
1218 2410 1363 2478 quod
1395 2410 1635 2478 negem}
1663 2410 2040 2478 glus-iurentur,

445 2501 607 2570 ‚quasi
635 2499 955 2569 languentes
983 2514 1215 2569 corpore
1239 2517 1323 2556 eu.-
1343 2510 1559 2554 nrm-tur
1603 2506 1740 2574 apud
1792 2522 1900 2566 aas,
1932 2506 2040 2558 dai-

432 2606 612 2648 .mone
629 2591 887 2648 noctibus
911 2600 1208 2662 apparente
1228 2601 1391 2665 atque
1414 2603 1659 2653 curante.
1691 2595 1763 2659 ⁴in
1812 2595 2047 2668 Apbacis

432 2694 650 2751 autem,
674 2682 822 2754 quod
850 2701 948 2756 per
975 2685 1375 2743 invocationem
1430 2687 1722 2760 quamdam
1751 2697 1904 2744 certo
1947 2676 2046 2746 'die

450 2776 517 2830 dc
543 2774 855 2830 summitate
880 2775 1072 2831 Libani
1093 2778 1294 2833 montis
1319 2778 1459 2848 ignIs
1482 2777 1693 2848 fulgens
1714 2779 1879 2835 veluti
1899 2780 2048 2836 sidus

435 2869 509 2953 ‘in
534 2869 840 2938 proximum
868 2868 1066 2926 flumen
1097 2872 1359 2929 velociter
1378 2874 1755 2943 occumbebat,
1785 2875 1934 2945 quod
1960 2876 2073 2933 di-·

451 2958 643 3014 cebant
674 2958 935 3016 Venerem
964 2977 1104 3020 esse.
1128 2962 1427 3033 Sozousa„
1457 2963 1548 3021 tib.
1603 2980 1661 3030 ιι,
1693 2981 1807 3036 cap.
1837 2965 1894 3035 ⁴3
1917 2968 2046 3026 edit.

450 3048 645 3108 Christ.
707 3051 881 3109 Vates.
904 3071 1023 3126 cap.
1048 3052 1100 3121 5,
1133 3073 1186 3127 p.
1216 3056 1343 3111 tta.

1031 3204 1262 3264 CAPUT
1305 3205 1449 3265 xx1.

811 3295 885 3352 De
913 3298 1245 3353 corruet-sione
1260 3297 1619 3362 barbarorum.

524 3386 874 3459 intereacum
920 3387 1206 3446 multitudo
1235 3389 1401 3446 nimia
1440 3393 1677 3463 gentium
1704 3409 1773 3452 ex
1819 3393 2049 3454 Thracia

429 3480 756 3535 -transiisset
776 3479 830 3535 in
860 3479 1063 3548 Asiam,
1088 3490 1142 3536 et
1163 3481 1256 3538 alii
1283 3483 1501 3541 aliunde
1546 3485 1768 3545 barbari
1812 3489 2051 3558 egissent

453 3579 642 3626 contra
666 3569 961 3638 Romanos,
1001 3571 1156 3628 multi
1200 3574 1544 3631 sacerdotum
1597 3577 1795 3634 Christi
1851 3581 2051 3657 captivi

434 3676 576 3715 curn
605 3661 684 3717 eis
708 3669 883 3728 erant.
915 3660 1159 3733 Cumque
1181 3662 1498 3734 languentes
1520 3677 1804 3738 curarent,
1846 3679 1905 3727 et
1947 3672 2054 3728 dae-

421 3792 428 3800 .
456 3767 642 3808 mones
671 3751 987 3833 effugarent,
1014 3752 1289 3811 Christum
1310 3756 1648 3816 solummodo
1688 3761 2049 3836 nominantes,

426 3853 510 3897 vct
534 3841 725 3899 Filium
756 3843 852 3899 Dei
880 3844 1213 3923 invocantes,
1264 3846 1486 3919 insuper
1531 3858 1586 3907 et
1639 3855 2053 3913 conversatione

458 3936 902 4009 philosophantes
930 3938 1261 4010 inculpabili,
1287 3949 1343 3996 et
1372 3956 1591 3999 omnem
1646 3948 1912 4002 maculam
1941 3949 2051 4007 vir-

459 4025 660 4081 tutibus
688 4026 1017 4094 evincentes,
1048 4028 1302 4087 admirati
1326 4030 1545 4088 barbari
1577 4035 1816 4092 virorum
1863 4040 2049 4106 vitam,

458 4115 618 4171 simul
647 4124 702 4172 et
728 4131 893 4186 opera
916 4119 1156 4190 egregia,
1182 4119 1324 4178 bene
1342 4137 1403 4179 se
1442 4138 1638 4202 sapere
1686 4128 2051 4198 crediderunt,

459 4216 514 4264 ct
539 4209 708 4264 Deum
738 4210 940 4267 habere
968 4213 1280 4284 propitium,
1330 4215 1377 4271 si
1410 4218 1665 4275 meliores
1715 4221 2057 4280 imitarentur

461 4301 726 4370 liomineS,
754 4310 811 4357 et
836 4301 976 4358 sicut
1005 4304 1105 4375 ipsi
1133 4305 1617 4381 placarentDeum.
1633 4308 1698 4365 Et
1720 4313 2056 4374 constituen—

461 4405 542 4452 tes
570 4396 785 4451 sibimet
814 4411 880 4451 ex
909 4397 989 4453 eis
1017 4398 1157 4454 bene
1204 4400 1397 4470 agendi
1438 4412 1701 4471 rectores,
1751 4403 2056 4461 educebam

444 4502 568 4554 tur,
594 4493 650 4541 et
670 4486 1102 4557 baptizabantur,
1128 4497 1184 4546 ct
1237 4501 1633 4566 consequenter
1685 4495 1740 4550 in
1795 4495 2056 4554 ccclesias

459 4579 833 4634 occurrebant.
874 4577 1175 4648 Sozousa..
1199 4582 1289 4638 lib.
1322 4600 1380 4651 ιι,
1403 4601 1520 4658 cap.
1588 4584 1642 4642 5.
1664 4586 1811 4647 Edit.
1857 4589 2052 4653 Christ.

473 4668 646 4726 Voles.
671 4686 787 4742 cap.
822 4669 878 4741 6,
897 4689 951 4739 p.
970 4670 1095 4728 43¹.

974 4821 982 4829 ’
1040 4826 1273 4883 CAPUT
1314 4827 1479 4884 xxtt.
1554 4874 1556 4877 .

462 4915 616 4985 Quod
636 4916 891 4975 Eusebius
924 4916 976 4975 N
983 4921 1335 4976 icomediensis
1364 4919 1882 4996 constantinopoleos
1900 4945 2051 4984 nnva-

531 4992 659 5044 serit
677 4993 1052 5063 episcopatum,
1078 5002 1128 5047 ec
1148 4994 1211 5046 de
1233 4994 1419 5048 litteris
1449 4993 1780 5050 Constantini
1807 4997 2053 5054 adversus

532 5076 669 5116 eum.

534 5149 795 5207 Fautores
864 5151 1026 5221 igitur
1088 5151 1204 5210 Arii
1250 5154 1575 5223 nequissima
1628 5171 1738 5211 non
1780 5157 2052 5228 reliquere

462 5240 706 5297 consilia
740 5240 911 5327 Hujus
936 5244 1078 5298 enim
1104 5257 1269 5301 causa
1295 5245 1350 5300 in
1379 5245 1719 5305 consessione
1741 5248 1864 5306 lidei
1892 5251 2056 5334 etiam

439 5333 713 5392 .ιυιιιιί1)ιιι
733 5343 1145 5405 consenserunt,
1170 5350 1261 5406 qui
1283 5345 1470 5408 postea
1498 5339 1696 5395 imitati
1738 5351 1865 5397 sunt
1904 5351 2059 5412 gesta

460 5425 733 5498 luporum.
759 5425 890 5481 Nam
911 5440 1035 5482 cum
1062 5428 1430 5485 sanctissimus
1451 5428 1775 5498 Alexander,
1820 5433 1910 5503 qui
1947 5436 2059 5491 suis

460 5517 799 5575 orationibus
826 5517 1013 5574 Arium
1064 5519 1239 5576 iuerat
1256 5520 1546 5590 jaculatus,
1597 5524 1758 5580 idest
1813 5525 2056 5597 Byzantii

464 5609 726 5683 pontifex,
753 5611 832 5666 sic
861 5610 1004 5666 enim
1035 5620 1165 5668 tunc
1188 5614 1487 5672 vocabatur
1537 5613 2052 5688 Constantinopolis,

466 5702 533 5758 ad
557 5703 833 5783 meliorem
865 5704 1157 5761 translatus
1181 5706 1369 5766 suisset
1412 5707 1594 5772 vitam,
1653 5707 1917 5767 Eusebius
1958 5712 2056 5767 de-

464 5797 984 5870 fensor-impietatis,
1038 5800 1433 5872 parvipendens
1483 5802 1697 5872 regulas
1746 5818 1881 5875 quas
1930 5812 2057 5861 ante

1519 5934 1554 5956 Q

2148 1860 2304 1926 Quod
2333 1860 2475 1916 enim
2501 1859 2699 1929 ubique
2728 1860 2939 1932 tyranni
2991 1867 3248 1917 noscatur
3291 1873 3412 1914 esse
3456 1860 3642 1924 cliens,
3672 1873 3740 1916 ex

2145 1950 2331 2007 multis
2359 1951 2520 2007 rebus
2545 1957 2789 2020 apparet.
2824 1947 2938 2005 {loc
2960 1963 3193 2020 namque
3219 1950 3487 2005 veracium
3529 1951 3739 2020 episco-

2147 2059 2338 2116 porum
2355 2049 2591 2099 ¹tetstatur
2622 2042 2889 2108 interitus,
2924 2042 3214 2121 2341100
3261 2042 3428 2101 etiam
3479 2042 3740 2102 Christia-

2149 2148 2343 2189 norum
2371 2133 2743 2198 crudelissima
2775 2135 3082 2204 persecutio
3127 2133 3328 2189 clamat
3372 2141 3578 2203 aperte.
3603 2133 3741 2189 Nihil

2142 2224 2291 2280 enim
2315 2222 2385 2279 de
2409 2223 2618 2294 injuriis
2638 2224 2769 2280 mihi
2795 2224 2953 2281 sactis
2973 2240 3116 2280 nunc
3137 2225 3246 2293 aio,
3261 2239 3359 2295 per
3377 2238 3510 2294 quas
3527 2225 3743 2295 quando

2148 2314 2388 2371 maxime
2409 2313 2759 2377 adversarum
2811 2315 3046 2389 partium
3105 2315 3306 2378 insidiae
3351 2315 3743 2390 discurrebant,

2149 2406 2253 2464 iste
2283 2405 2447 2467 etiam
2474 2406 2665 2465 oculos
2705 2416 2895 2462 contra
2926 2421 3013 2462 me
3058 2406 3290 2462 babebat
3333 2406 3590 2461 intentos.
3646 2405 3743 2465 Cui

2157 2496 2263 2553 hoc
2281 2495 2451 2553 defuit
2475 2497 2671 2561 solum,
2693 2498 2839 2568 quod
2869 2514 2976 2553 non
2998 2506 3054 2553 ct
3073 2507 3338 2554 armatum
3392 2498 3743 2553 ministerium

2132 2595 2382 2659 „tyranno
2411 2587 2640 2645 licenter
2669 2589 2934 2653 exhibuit.
2965 2588 3156 2664 Neque
3196 2604 3284 2645 me
3311 2589 3576 2660 quispiam
3596 2596 3744 2660 putet

2138 2679 2223 2735 ad
2253 2678 2449 2734 horum
2481 2679 2856 2750 probationem
2884 2680 3059 2735 minus
3083 2680 3427 2738 instructum.
3479 2680 3743 2750 ,judicium

2148 2784 2384 2844 namque
2421 2770 2764 2829 manifestum
2794 2780 2896 2838 est,
2919 2771 3044 2842 quia
3075 2772 3418 2844 presbyteros
3464 2756 3527 2832 ,et
3564 2774 3742 2831 diaco-

2150 2878 2251 2919 nos
2276 2872 2565 2933 sequentes
2580 2862 2878 2926 Eusebium
2907 2871 3096 2934 aperte
3124 2874 3338 2921 constat
3378 2880 3411 2921 a
3440 2880 3528 2921 me
3555 2866 3744 2936 depre-

2149 2955 2369 3017 hensos.
2392 2955 2499 3011 Sed
2521 2956 2638 3012 baec
2658 2956 2873 3026 quidem
2896 2966 3110 3014 transeo
3136 2973 3258 3038 quae
3288 2973 3428 3015 nunc
3470 2973 3581 3015 non
3603 2957 3741 3017 indi-

2150 3048 2420 3117 gnationis
2465 3049 2661 3118 gratia,
2712 3049 2807 3105 sed
2829 3048 2896 3107 ad
2933 3050 3143 3111 illorum
3187 3049 3557 3114 confusionem
3604 3067 3747 3109 ame

2075 3152 2125 3216 c
2155 3138 2362 3212 prolata
2393 3137 2521 3212 [adq
2545 3139 2795 3212 probata]
2819 3151 3134 3197 noscuntur.
3162 3141 3281 3198 Boc
3299 3142 3747 3214 solumjormido,

2153 3232 2259 3288 hoc
2278 3232 2478 3301 cogito,
2503 3235 2649 3301 quod
2672 3246 2769 3289 vos
2789 3232 2856 3286 ad
2882 3234 3320 3290 conrimuniouem
3362 3235 3603 3290 criminis
3645 3251 3741 3290 vo-

2150 3324 2264 3381 cari
2288 3324 2584 3395 conspicio.
2611 3324 2840 3396 Propter
2856 3324 3072 3381 Eusebii
3094 3342 3328 3399 namque
3367 3329 3738 3384 seductionem

2149 3423 2207 3474 et
2223 3416 2653 3489 subversionem,
2674 3418 3060 3483 conscientiam
3086 3421 3403 3490 percepistis
3426 3437 3456 3476 a
3503 3425 3734 3479 veritate

2149 3518 2475 3580 separatam.
2499 3508 2607 3567 Sed
2635 3511 2739 3567 erit
2767 3510 2926 3583 hujus
2950 3513 3026 3568 rei
3059 3528 3165 3573 non
3197 3516 3346 3574 laada
3369 3516 3676 3585 salubritas,
3702 3516 3747 3572 si

2151 3602 2460 3678 episcopum
2477 3603 2687 3661 fidelem
2715 3614 2770 3660 et
2795 3606 3060 3674 integrum
3084 3622 3229 3672 nunc
3255 3619 3555 3679 sumentes,
3577 3612 3750 3684 respi-

2151 3693 2307 3751 ciatis
2332 3693 2400 3750 ad
2428 3693 2616 3750 Deum.
2650 3693 2805 3762 Quod
2832 3696 3021 3765 utique
3039 3696 3106 3751 ad
3123 3711 3360 3766 praesens
3388 3699 3441 3753 in
3472 3700 3624 3755 vohis
3665 3707 3752 3755 est

2153 3783 2412 3849 studium,
2437 3794 2493 3840 et
2513 3783 2658 3839 istud
2678 3785 2732 3840 in
2757 3785 2908 3841 vobis
2936 3800 3057 3841 esse
3077 3796 3425 3857 oportuerat;
3466 3797 3525 3842 et
3547 3790 3750 3844 dudum

2153 3874 2210 3930 in
2254 3883 2437 3932 vestro
2490 3876 2731 3947 pendere
2764 3876 2993 3947 judicio,
3019 3878 3122 3934 nisi
3150 3881 3435 3948 praedictus
3491 3879 3752 3937 Eusebius

2152 3967 2386 4038 pessima
2439 3968 2784 4033 consciorum
2839 3984 3061 4026 suorum
3091 3971 3319 4027 tuitione
3360 3973 3595 4028 venisset
3648 3973 3752 4029 hue

2155 4058 2305 4134 [mss.
2335 4070 2385 4117 et
2412 4061 2538 4118 edit.
2576 4061 2660 4128 V„
2685 4061 2815 4135 hicj,
2838 4071 2897 4119 et
2921 4063 3166 4127 ordinem
3204 4065 3546 4123 rectitudinis
3580 4067 3749 4136 impu·

2159 4151 2478 4219 deotissime
2504 4153 2853 4216 contrudissct.
2895 4151 3004 4213 Sed
3043 4153 3297 4223 quoniam
3343 4154 3412 4210 de
3450 4162 3751 4211 rucuiorato

2152 4244 2389 4301 Eusebio
2417 4247 2559 4317 apud
2583 4255 2815 4304 vestram
2839 4247 3161 4305 charitatem
3187 4261 3288 4303 nos
3316 4248 3551 4304 breviter
3607 4251 3750 4319 loqui

2156 4333 2330 4401 decet,
2355 4335 2558 4392 audite.
2587 4335 2830 4392 Meminit
2855 4344 3035 4392 vestra
3057 4329 3325 4406 patienti&
3349 4336 3548 4402 sactum
3585 4340 3639 4394 in
3662 4338 3754 4395 Ni-

2155 4441 2266 4484 coea
2288 4427 2505 4484 civitate
2530 4427 2857 4484 concilium:
2889 4428 2977 4484 cui
3012 4436 3069 4484 et
3096 4441 3198 4497 ego
3245 4429 3376 4498 ipse·
3408 4431 3751 4485 conscientiae

2083 4533 2294 4598 Dmeae
2338 4518 2540 4577 cultum
2593 4518 2850 4576 decenter
2896 4519 3135 4588 exhibui,
3188 4520 3514 4578 nihil-alind
3570 4524 3752 4578 volens

2161 4625 2323 4684 quam
2345 4609 2696 4668 concordiam
2716 4611 2967 4668 omnibus
3011 4610 3282 4678 fabricari,
3309 4622 3365 4667 et
3406 4628 3517 4684 pun
3546 4613 3755 4668 cunctis

2160 4716 2390 4774 arguere
2425 4711 2483 4759 et
2506 4717 2788 4760 removere
2815 4703 2956 4759 hanc
2979 4719 3217 4769 causam,
3259 4720 3381 4776 quae
3431 4706 3752 4778 principium

2159 4792 2375 4865 quidem
2405 4793 2593 4851 habuit
2615 4808 2715 4864 per
2741 4792 2852 4848 Arii
2874 4794 3223 4849 Alexandrini
3253 4795 3583 4865 superbiam,
3632 4812 3754 4852 cor·

2159 4885 2413 4940 roborata
2437 4899 2567 4939 vero
2590 4892 2674 4942 est
2699 4898 2798 4955 per
2824 4883 3038 4941 Eusebii
3063 4900 3288 4954 pravum
3334 4885 3753 4959 pestis-rumque

2159 4984 2365 5031 votum.
2388 4974 2495 5031 Sed
2524 4975 2640 5046 ipse
2665 4973 2947 5041 Eusebius,
2979 4992 3013 5029 o
3042 4975 3301 5031 amabiles
3349 4985 3513 5046 atque
3542 4979 3752 5034 cbaris-

2157 5066 2298 5122 simii
2317 5079 2439 5122 cum
2454 5073 2655 5137 quauta
2671 5065 3484 5138 putatisdiscussiune[ed.,Niu.
3498 5078 3550 5121 et
3561 5065 3755 5138 Proh,

2158 5158 2513 5231 discursione]
2555 5160 2778 5232 (quippe
2833 5157 3164 5215 conscientia
3210 5175 3308 5216 sua
3363 5161 3583 5231 victus),
3630 5175 3754 5217 cum

2163 5238 2366 5324 quanta
2393 5252 2711 5310 confusione
2723 5251 3003 5309 mendacio
3029 5251 3216 5322 utique
3262 5253 3539 5309 declarato
3573 5247 3756 5323 'dege-

2163 5347 2289 5402 bat?
2312 5346 2611 5402 limuittens
2629 5346 2847 5416 quidem
2871 5345 2999 5401 mihi
3021 5346 3280 5414 diversos,
3308 5347 3399 5415 qui
3428 5361 3526 5417 pro
3567 5362 3634 5402 eo
3659 5347 3759 5404 de·

2165 5446 2483 5508 poscerent;
2507 5446 2696 5507 petens
2722 5453 2852 5493 vero
2881 5454 2913 5491 a
2941 5452 3031 5492 me
3070 5437 3339 5507 quoddam
3378 5438 3656 5507 sola-tium,
3687 5454 3760 5497 ne

2164 5535 2314 5583 tanto
2342 5528 2486 5585 malo
2513 5528 2814 5597 convietus,
2838 5543 2938 5585 suo
2966 5528 3175 5585 honore
3224 5531 3544 5600 privaretur.
3580 5528 3762 5588 Testis

2161 5629 2249 5677 est
2273 5621 2404 5678 mihi
2430 5621 2573 5678 Deus
2601 5622 2758 5692 hujus
2787 5623 2887 5689 rei,
2912 5622 3002 5693 qui
3025 5631 3081 5678 et
3110 5623 3163 5678 in
3183 5638 3271 5679 me
3299 5632 3355 5697 et
3395 5624 3448 5678 in
3475 5624 3632 5680 vobis
3661 5625 3766 5681 be-

2163 5713 2327 5781 nigno
2355 5714 2543 5771 amore
2563 5716 2843 5770 consistat.
2876 5714 3008 5769 Nam
3035 5714 3199 5771 etiam
3247 5731 3336 5770 me
3362 5716 3452 5770 ille
3501 5715 3766 5788 devertit,

2163 5815 2219 5863 et
2239 5806 2552 5863 indecenter
2572 5809 2819 5875 arripuit,
2848 5800 2990 5875 ‹iuod
3016 5823 3114 5863 vos
3135 5823 3350 5879 quoque
3391 5817 3581 5867 nostis.
3612 5809 3768 5868 'l'una
