4059 6184
266 294 337 352 ¹22³
863 297 899 357 u.
920 293 1059 357 eunucu
1076 289 1280 352 ctsstouout
1652 343 1697 378 .·
1824 272 1902 336 toas

299 412 459 472 usurum
472 412 593 472 rtnblttur
611 411 705 471 etCu.
726 410 841 470 lianllus
851 411 945 469 unua.
1071 412 1096 471 Α
1145 408 1177 465 Ρ.
1194 405 1293 463 Turius
1303 415 1328 463 et
1341 403 1405 462 sos.
1418 402 1514 461 Atilius
1526 399 1668 459 mous.

300 504 336 562 Μ.
354 504 477 561 Valerius
488 503 600 562 llessula
610 512 639 562 et
651 504 682 562 θ.
694 504 788 561 Livius
799 503 943 560 Solinator.
1143 496 1163 553 S
1179 512 1205 552 r.
1221 495 1332 552 Fuluius
1346 507 1374 551 os
1387 494 1422 563 Q.
1435 492 1607 562 calpurnius.

299 597 335 652 ll.
349 593 477 653 Eroilius
491 595 608 666 Lepidm
621 603 652 652 st
663 595 696 652 θ.
713 595 873 651 Pleminius.
1145 586 1194 643 ilis
1214 601 1287 644 cosa.
1306 583 1467 641 AEmilianus
1481 581 1571 652 Scipio
1587 580 1623 635 ob
1636 576 1830 646 Numantinum
1842 571 1906 632 inl

297 685 346 754 sp.
361 683 536 742 Pontiumius
555 685 669 741 Albinus
680 693 707 741 ct
721 683 754 754 Q.
771 683 888 740 lircius
904 681 1057 752 Philippus.
1108 673 1251 740 tomeun
1264 672 1425 728 rattdiuatoa
1438 685 1491 725 non
1506 676 1592 734 mser,
1606 666 1699 723 consul
1715 670 1834 724 creatur.

305 776 355 833 llis
368 791 442 833 eoas.
460 776 623 833 atltlotarum
639 777 788 833 certamine
805 774 921 846 primum
934 788 950 830 a
963 772 1058 831 untnsn
1145 764 1176 821 P.
1192 763 1335 820 Africanus
1346 773 1373 816 et
1383 761 1419 839 C.¹
1428 759 1538 817 Poluius
1552 756 1673 816 Flaccus.

262 863 348 921 edita.
1144 855 1290 914 Mucius
1300 862 1327 910 st
1337 853 1369 908 L.
1381 851 1551 928 calpurnius.

298 954 382 1029 386
392 957 442 1027 Δρ.
457 956 589 1014 Claudius
600 956 718 1014 Pulcher
726 965 755 1013 ct
768 956 804 1014 tt.
820 952 1000 1027 Sempronius
1008 952 1060 1014 Tu·
1145 944 1175 1002 Ρ.
1191 944 1320 1017 Popillius
1330 953 1360 1000 ol
1375 943 1404 999 Ρ.
1421 941 1545 1009 llupilius
1554 938 1657 1012 [cnsp.
1668 931 1829 1008 Sulpiciasl.

263 1046 385 1104 tllmnus.
1146 1035 1176 1090 P.
1186 1032 1302 1089 creseus
1314 1042 1342 1088 et
1355 1031 1386 1088 L.
1401 1030 1525 1086 Valerius
1540 1028 1660 1085 Plueous.

302 1127 334 1184 P.
344 1128 471 1185 Claudius
486 1127 603 1186 Pulcher
613 1137 641 1185 et
653 1127 684 1185 L.
701 1127 814 1185 Porcius
824 1127 944 1185 Licinus.
1036 1175 1041 1184 ,
1093 1117 1096 1124 ’
1144 1123 1215 1195 epp.
1230 1122 1360 1181 Claudius
1375 1131 1403 1179 et
1416 1120 1451 1204 lt.
1472 1118 1620 1188 Perperna.

300 1218 337 1274 Μ.
349 1216 480 1274 Claudius
494 1218 640 1274 blancollus
653 1227 680 1274 et
698 1219 731 1286 Q.
748 1216 847 1273 Fabius
861 1216 961 1272 Labeo.
1144 1217 1177 1272 θ.
1188 1214 1368 1286 Sempronius
1380 1221 1406 1269 et
1418 1210 1455 1267 Μ.
1470 1209 1616 1281 Aquillius.

300 1309 349 1367 iiis
363 1324 434 1366 coss.
449 1307 584 1365 Danoibal
598 1310 668 1379 apul
687 1307 809 1363 Prusiam
829 1321 933 1363 renerio
947 1303 1040 1376 periit.
1145 1306 1196 1363 Cu.
1211 1304 1342 1361 Dotorius
1355 1313 1383 1360 et
1401 1303 1433 1358 T.
1451 1302 1568 1358 Aunios.

301 1400 332 1457 L.
345 1385 473 1459 AEtnilius
484 1400 584 1457 Paulus
594 1409 622 1455 ot
636 1399 688 1458 Gn.
702 1398 809 1456 Dubius
818 1395 987 1466 Tamphilus.
1146 1396 1178 1453 t..
1189 1394 1300 1452 cassius
1310 1405 1338 1450 et
1351 1395 1381 1449 L.
1397 1393 1492 1449 Clinno.

301 1493 333 1550 Ρ.
346 1492 487 1550 Cornelius
502 1491 633 1549 Lentulus
643 1500 672 1549 et
684 1492 720 1548 Μ.
737 1490 843 1546 Dubius
856 1487 1027 1556 Tamphilus.
1148 1489 1182 1544 ll.
1196 1485 1324 1545 unitim
1335 1495 1363 1542 et
1377 1484 1408 1540 L.
1421 1485 1557 1540 Aurelius.

301 1588 324 1642 Α
339 1585 514 1643 posthumius
525 1584 640 1640 Albinus
652 1593 679 1640 et
692 1581 725 1640 C.
736 1579 898 1653 Calpurnius
915 1578 987 1634 Piso.
1148 1577 1184 1633 Μ.
1200 1576 1322 1633 Plautius
1335 1585 1362 1632 ct
1376 1573 1410 1630 tl.
1423 1573 1545 1631 Fuluius.

302 1678 336 1747 Q.
355 1676 464 1733 Fulvius
475 1684 503 1732 et
513 1676 544 1732 L.
557 1675 685 1731 iltulius.
1147 1667 1178 1726 C.
1191 1666 1301 1724 (lessius
1315 1665 1454 1737 Longinus
1471 1673 1500 1721 ol
1510 1664 1542 1719 c.
1556 1661 1666 1720 Sextius
1683 1661 1787 1736 [Germ.
1807 1662 1908 1721 Domi·

303 1770 338 1825 ll.
354 1769 451 1825 iunius
464 1776 492 1824 el
511 1768 563 1824 Cn.
582 1767 711 1823 ilanlius.
1078 1759 1190 1833 Qtiusi

302 1857 334 1917 T.
349 1856 525 1927 Sempronius
536 1863 565 1913 et
579 1856 610 1911 θ.
622 1853 763 1912 claudius.
1149 1850 1183 1919 Q.
1199 1848 1323 1906 casellius
1332 1854 1361 1905 ct
1371 1846 1403 1902 Τ.
1414 1847 1568 1914 Quinctius.

303 1949 353 2006 Cu.
368 1946 514 2005 Cornelius
528 1956 555 2003 et
566 1947 619 2013 Qu.
634 1945 768 2002 Petillius.
1149 1942 1200 1997 Cu.
1214 1939 1346 1996 Domitius
1360 1948 1389 1996 et
1400 1939 1432 1996 θ.
1446 1938 1575 1994 Fannius.

302 2039 338 2095 lt.
353 2038 471 2108 Lepidus
485 2049 513 2094 et
527 2037 558 2093 P.
573 2037 685 2093 ilucius.
1149 2029 1206 2085 ilis.
1227 2042 1299 2085 coss.
1322 2026 1431 2084 Sestius
1455 2027 1584 2098 oppitlum
1612 2026 1774 2094 uolumus.
1799 2026 1826 2080 in
1850 2035 1910 2096 quo

303 2130 352 2200 Sp.
369 2128 542 2185 Postltumius
556 2128 626 2195 etQ.
641 2125 756 2186 blosius.
1113 2120 1200 2193 bquae
1218 2121 1318 2178 Sostim
1330 2120 1356 2175 in
1367 2118 1476 2175 Gulliis.

303 2217 335 2275 L.
349 2217 524 2275 Pustbuutius
533 2216 648 2274 Albinus
661 2224 689 2272 ci
698 2215 734 2273 ll.
748 2213 891 2287 Popillius.
1148 2215 1180 2272 L.
1190 2211 1312 2283 Opimius
1324 2220 1350 2266 et
1361 2209 1394 2279 Q.
1410 2208 1517 2284 [Casp.‚
1532 2207 1643 2282 Fabius]
1659 2209 1799 2268 Decimus.

302 2310 334 2365 θ.
346 2309 474 2381 Popillius
485 2316 513 2365 ot
522 2308 553 2364 P.
566 2307 666 2365 AElius.
1148 2303 1181 2359 P.
1194 2303 1319 2360 llartilius
1330 2313 1358 2360 et
1379 2301 1411 2359 θ.
1422 2302 1553 2376 Pap'rius.

305 2401 338 2458 P.
353 2401 470 2457 Licinius
483 2408 512 2457 ct
521 2400 552 2457 θ.
564 2400 683 2456 Cassius.
1147 2394 1182 2452 L.
1197 2394 1323 2452 cecilius
1337 2406 1364 2449 at
1377 2393 1410 2451 t..
1424 2396 1559 2468 sorellus.

302 2490 333 2547 θ.
353 2490 483 2547 liostiliua
494 2490 635 2546 blancinua
648 2497 676 2545 et
685 2489 717 2545 C.
729 2487 835 2547 Atilios.
1148 2487 1185 2544 Μ.
1198 2484 1302 2560 [θυεμ.
1317 2484 1440 2560 Porcius]
1449 2486 1516 2544 Coto
1530 2497 1558 2544 et
1570 2491 1603 2557 0.
1616 2489 1738 2548 userius

303 2583 336 2638 L.
349 2582 465 2640 ilorcius
478 2581 620 2652 Philippus
630 2590 657 2637 el
671 2581 705 2650 Q.
714 2579 857 2639 Servilius.
1147 2583 1179 2641 L.
1188 2584 1315 2641 caeciliu.-
1326 2593 1353 2639 et
1366 2585 1399 2654 Q.
1416 2584 1532 2642 liucius.

306 2673 337 2728 L.
349 2671 447 2728 Paulus
461 2687 480 2727 u
497 2671 599 2745 [cnsp.
611 2668 748 2743 AEmilius]
761 2680 789 2728 et
801 2671 831 2727 θ.
850 2670 982 2730 Licinius.
1146 2674 1177 2730 θ.
1194 2673 1312 2730 Licinius
1326 2673 1393 2730 Geta
1409 2681 1437 2729 el
1446 2673 1500 2741 Qu.
1515 2670 1657 2729 lluxiurus.

301 2762 335 2831 Q.
350 2759 437 2818 lDlios
449 2762 538 2818 Portus
549 2770 577 2817 ot
589 2762 626 2818 ll.
641 2762 748 2820 lunius.
1146 2762 1182 2820 ll.
1192 2762 1316 2820 lietellus
1325 2771 1353 2820 ot
1364 2762 1398 2820 Μ.
1410 2762 1542 2820 Scaurus.

301 2854 339 2911 lt.
354 2855 497 2912 iloroellus
510 2854 612 2929 [Tuan.
626 2853 766 2927 claudius]
786 2862 813 2911 el
824 2851 855 2910 C.
873 2851 1021 2925 Sulpicius.
1147 2853 1195 2911 llis
1209 2868 1280 2911 oosa.
1291 2852 1324 2909 L.
1338 2853 1458 2910 listellus
1471 2863 1498 2910 et
1508 2852 1560 2911 Cu.
1571 2852 1705 2910 Domitios
1716 2867 1846 2912 censores
1867 2869 1908 2911 ar

300 2947 351 3002 Cn.
365 2946 493 3002 Octauius
507 2953 535 3001 et
547 2944 601 3003 Tit.
616 2944 740 3001 ilaulius.
1109 2957 1165 3006 lem
1182 2945 1315 3003 ludicram
1325 2961 1359 3003 ex
1384 2948 1455 3005 Drbe
1468 2955 1650 3013 resinous-runt.
1668 2956 1767 3018 pretor
1779 2946 1908 3004 latinum

302 3040 335 3096 Δ.
354 3039 465 3095 llanlius
478 3047 505 3096 et
520 3038 553 3109 Q.
566 3037 687 3095 tursius.
932 3111 934 3118 Ι
973 3091 975 3094 .
1110 3041 1248 3101 tibicinem
1265 3053 1459 3113 consecuturo,
1475 3042 1909 3118 etlutlumtalommlcnsp..ca·

299 3133 333 3188 T.
348 3131 524 3203 Sempronius
534 3141 562 3188 cl
573 3132 608 3189 ll.
624 3131 776 3188 lucentius.
1073 3124 1095 3181 θ
1113 3132 1225 3188 lanuini.

302 3224 333 3281 P.
347 3225 436 3296 Scipio
449 3212 544 3281 Nasica
560 3232 588 3281 et
598 3224 627 3281 θ.
645 3224 772 3282 liarcius.
1147 3221 1182 3278 Μ.
1199 3229 1303 3281 soltus
1315 3224 1452 3281 Dalbuset
1466 3221 1498 3280 G.
1526 3223 1630 3297 [Casp.,
1641 3224 1762 3298 Porcius]
1772 3226 1850 3283 Dato.

301 3314 336 3371 Μ.
352 3314 464 3371 llos-als
479 3325 507 3372 ol
522 3315 553 3372 θ.
569 3314 697 3371 rannus.
1146 3314 1177 3371 θ.
1192 3314 1316 3373 Lucilios
1326 3326 1354 3374 et
1366 3316 1417 3374 Lu.
1433 3317 1565 3389 Papirius.

304 3408 335 3463 L.
349 3408 461 3464 inicius
475 3416 502 3463 ot
516 3407 552 3464 lt.
567 3405 720 3464 Cornelius.
1149 3408 1185 3465 tl.
1198 3406 1289 3465 Liuius
1303 3408 1407 3474 Drusus
1420 3418 1450 3466 el
1458 3408 1490 3466 L.
1505 3408 1568 3466 Piso
1578 3407 1683 3482 lcum,
1693 3407 1887 3483 cesonianus}

301 3500 332 3557 θ.
345 3499 487 3556 Cornelius
501 3497 635 3555 Dolabella
651 3508 677 3555 el
693 3497 728 3554 ll.
744 3495 864 3553 Pullius.
1148 3498 1179 3555 Ρ.
1193 3498 1284 3568 Scipio
1296 3508 1324 3555 cl
1335 3499 1368 3556 L.
1378 3497 1541 3569 Calpurnius
1552 3499 1651 3558 bostis.

301 3590 336 3647 tl.
350 3591 474 3648 AEurllius
485 3598 514 3646 ci
524 3589 554 3646 C.
569 3589 708 3660 Popillius.
1146 3587 1194 3659 Sp.
1212 3587 1385 3645 Pusillumius
1395 3600 1423 3647 ci
1438 3590 1472 3647 ll.
1488 3591 1633 3652 llicllcius.

304 3683 349 3736 llis
360 3696 432 3737 coss.
446 3680 554 3736 metalla
570 3681 596 3736 iu
612 3679 767 3738 llacetloeia
782 3679 915 3736 instituta.
1146 3678 1180 3744 Q.
1197 3675 1301 3752 temp,
1311 3678 1445 3754 Puluillus]
1456 3679 1579 3742 flocellus
1591 3691 1620 3738 et
1630 3681 1666 3737 tl.
1682 3680 1784 3755 lcum..
1795 3679 1908 3756 lortius]

301 3775 370 3831 Ser.
381 3772 468 3830 iulius
480 3784 507 3828 et
521 3773 552 3829 L.
567 3773 704 3828 Aurelius.
1111 3768 1232 3830 Silouus.

302 3864 333 3920 L.
345 3864 476 3921 Lentulus
487 3876 513 3920 et
523 3859 554 3920 θ.
569 3864 693 3920 llnrcius.
1147 3864 1212 3927 Ser.
1223 3863 1306 3921 Galba
1319 3874 1348 3922 el
1362 3864 1396 3921 Μ.
1412 3864 1519 3939 [Germ.
1533 3862 1672 3938 burellus]
1686 3867 1813 3924 &saruc

302 3955 332 4010 P.
347 3955 438 4026 Scipio
448 3963 476 4009 el
487 3953 523 4009 il.
538 3951 682 4013 Claudius.
1148 3955 1178 4011 L.
1190 3956 1302 4012 Cassios
1315 3967 1343 4013 et
1354 3955 1386 4014 θ.
1401 3956 1509 4013 ilarius.

302 4047 333 4102 L.
346 4047 518 4103 Poatbumius
532 4055 559 4102 et
573 4048 626 4113 Qu.
640 4046 771 4115 Opimius.
992 4055 995 4062 ·
1147 4047 1181 4114 0.
1197 4048 1338 4106 Surrillius
1352 4059 1380 4105 el
1391 4048 1425 4104 c.
1441 4050 1537 4107 lltillus
1549 4049 1691 4108 snnanzrn

301 4139 335 4206 0.
349 4137 497 4195 Tulriuset
512 4137 544 4194 T.
563 4139 676 4194 iustius.
1147 4139 1194 4195 llis
1206 4156 1277 4196 coss.
1295 4156 1342 4210 pur
1367 4141 1511 4197 Seruiliam
1529 4141 1684 4213 Daemomm
1711 4144 1847 4198 moralem
1860 4143 1909 4216 jo·

304 4232 335 4288 lii
352 4232 431 4301 primi
443 4232 571 4288 consules
584 4231 707 4289 calendis
722 4232 859 4288 initiaris
871 4234 1058 4301 magistratum
1112 4230 1184 4287 tliciu
1199 4231 1334 4301 curtilibus
1344 4241 1372 4287 et
1385 4232 1559 4296 senatoribus
1570 4231 1769 4289 communiens
1778 4245 1853 4289 sunt.

266 4322 386 4380 lulerurtl
399 4331 509 4395 propter
521 4324 638 4380 subitum
652 4323 805 4381 Celtiberiae
819 4323 928 4380 bellum.
1117 4307 1127 4318 ’
1147 4323 1177 4378 Ρ.
1195 4322 1314 4378 llutlltm
1329 4323 1415 4382 liuius
1424 4335 1452 4379 ct
1470 4324 1502 4380 θ.
1518 4323 1651 4380 llsnilius.

301 4413 337 4471 tl.
351 4413 456 4489 [cnsp.
467 4413 757 4490 Claudins1lltreellus
768 4425 795 4474 et
808 4416 839 4471 L.
854 4416 986 4474 Valerius.
1146 4413 1179 4470 θ.
1192 4413 1291 4469 liutius
1305 4428 1323 4468 tt
1335 4422 1365 4470 et
1387 4415 1419 4470 θ.
1435 4412 1540 4488 [θυεμ.
1552 4412 1676 4489 Placeas]
1700 4416 1809 4472 Planius
1830 4414 1909 4471 Pim-

303 4506 334 4562 L.
347 4504 450 4579 [Cursu.
467 4506 597 4580 Licinius]
608 4508 734 4565 Lucu'lus
751 4519 779 4565 el
793 4511 826 4565 Α.
841 4506 1025 4565 Postltumius.
1073 4503 1180 4576 obsit.
1567 4551 1571 4560 .

303 4594 335 4651 L.
349 4594 488 4663 Qunelus
503 4596 578 4654 etl.
595 4599 707 4654 icilius.
1146 4593 1177 4652 C.
1194 4595 1294 4653 llsrius
1306 4612 1338 4653 ut
1350 4606 1378 4654 ot
1392 4597 1423 4653 L.
1435 4597 1559 4654 Aurelius
1572 4600 1692 4656 Dreslos.

302 4683 334 4740 L.
348 4684 464 4742 biarcius
474 4694 504 4742 el
514 4686 549 4743 lt.
566 4686 699 4744 liauilius.
1141 4685 1173 4743 θ.
1188 4686 1285 4743 ilarius
1295 4703 1322 4743 ru
1336 4698 1364 4745 el
1376 4690 1428 4756 Qu.
1443 4688 1576 4747 Lutatius.

300 4775 351 4845 Sp.
369 4774 540 4832 Postbumius
550 4787 578 4833 el
592 4778 623 4834 L.
639 4776 743 4851 [Deip.
757 4776 949 4852 calphurnius}
959 4778 1033 4837 riso.
1143 4775 1175 4833 C.
1187 4776 1287 4834 ilarius
1298 4788 1353 4836 val
1365 4779 1402 4836 Μ.
1415 4779 1561 4850 Aqttillitta.

302 4865 332 4922 P.
348 4866 489 4923 Africanus
503 4866 573 4925 (ιθ.
588 4868 691 4925 Liuius.
1144 4866 1177 4924 θ.
1191 4868 1289 4926 ilarius
1301 4883 1327 4923 ut
1339 4878 1366 4925 et
1379 4868 1411 4924 L.
1426 4870 1548 4930 Valerius
1562 4871 1684 4929 Pirustas.

300 4955 545 5024 cucumellum
559 4958 591 5016 L.
606 4957 759 5020 ilttmmius.
1145 4960 1182 5016 lt.
1202 4961 1336 5017 tntnntns
1351 4971 1376 5015 et
1389 4962 1421 5016 t.
1438 4959 1622 5018 Postbumiru.

301 5050 336 5117 Q.
353 5048 602 5112 lituusttnxmus
614 5059 642 5104 et
657 5049 688 5105 L.
705 5049 843 5105 llostilius.
1144 5050 1178 5118 Q.
1191 5051 1314 5107 llnlellus
1328 5062 1357 5108 et
1368 5050 1402 5107 T.
1422 5050 1525 5108 Ditliua.

300 5141 362 5208 Ser·
374 5141 457 5200 uslsn
469 5150 497 5198 el
511 5140 542 5198 L.
553 5142 689 5199 Aurebos.
1145 5144 1196 5200 Cn.
1207 5141 1311 5217 [cosp.
1321 5140 1474 5215 Cornelius!
1488 5142 1619 5201 Lentulus
1630 5155 1659 5202 et
1678 5145 1709 5202 P.
1720 5147 1846 5206 crunni.

301 5236 369 5303 App.
384 5232 513 5290 Claudius
524 5241 553 5290 et
562 5233 596 5300 Q.
608 5233 739 5290 ltstetlos.
1058 5287 1062 5298 ,
1144 5233 1196 5289 Cn.
1214 5231 1345 5288 Domitius
1356 5242 1382 5289 et
1397 5232 1429 5290 θ.
1444 5232 1563 5292 witon.

300 5322 334 5381 L.
345 5322 451 5397 [Coum.
466 5320 601 5396 cecilius]
614 5332 643 5380 et
653 5323 706 5391 Qu.
723 5323 864 5381 blasianus.
1146 5324 1277 5381 Dsooss.
1292 5323 1453 5384 Ptolomaeus
1477 5325 1586 5398 lli-ypsi
1600 5343 1647 5385 rex
1666 5329 1771 5399 lenm..
1786 5333 1905 5405 Cyrenis

241 5437 242 5442 ¹
300 5415 350 5472 cn.
366 5412 620 5488 [Cusp.‚Serrilius]
633 5415 724 5487 Caeplo
737 5416 830 5487 eth.
845 5416 1002 5490 Pompeius.
1109 5412 1243 5486 mortuus}
1259 5415 1385 5485 populum
1411 5414 1560 5473 Dominum
1576 5417 1711 5478 heredem
1725 5422 1845 5493 reliquit.

299 5508 350 5564 θιι.
362 5506 464 5581 [cnsp.
476 5507 618 5582 Servilius]
629 5507 721 5579 capso
732 5520 761 5566 ct
774 5509 807 5565 θ.
819 5509 927 5569 Lclius.
1145 5507 1174 5563 P.
1185 5506 1299 5562 Crassus
1311 5515 1338 5562 et
1351 5505 1383 5576 Q.
1399 5506 1529 5564 sternte.

298 5595 349 5654 Cn.
362 5597 423 5654 Piso
432 5607 461 5654 et
476 5598 511 5654 lt.
527 5597 657 5671 Popillius
670 5597 774 5673 [Coum.
788 5599 903 5674 Laenasl.
1142 5597 1174 5652 c.
1189 5595 1293 5654 (lulius
1305 5604 1334 5653 el
1356 5594 1388 5652 L.
1404 5595 1544 5658 Domitim.

301 5688 332 5744 Ρ.
347 5688 439 5756 scipio
452 5697 481 5745 et
495 5689 526 5745 l).
543 5687 648 5763 [Cure.
662 5688 767 5762 lortius]
781 5690 888 5748 Brutus.
907 5683 910 5688 ’
1142 5686 1172 5743 G.
1189 5687 1311 5742 l'alerius
1322 5686 1433 5746 Plausus
1445 5697 1474 5745 el
1486 5689 1521 5746 ll.
1537 5690 1698 5750 llersnntm.

300 5776 335 5832 ll.
348 5776 475 5834 AEuullus
487 5789 515 5836 et
529 5780 560 5834 c,
576 5781 704 5838 ttosuun
717 5780 865 5838 stanuum.
1142 5782 1172 5835 t·.
1187 5778 1314 5836 clintum
1326 5777 1441 5837 Pulcher
1455 5790 1482 5838 el
1496 5780 1530 5838 ll.
1551 5781 1698 5854 Perpenna.
