<?xml version="1.0" encoding="UTF-8"?>
<!DOCTYPE html PUBLIC "-//W3C//DTD XHTML 1.0 Transitional//EN"
    "http://www.w3.org/TR/xhtml1/DTD/xhtml1-transitional.dtd">
<html xmlns="http://www.w3.org/1999/xhtml" xml:lang="en" lang="en">
 <head>
  <title>
</title>
<meta http-equiv="Content-Type" content="text/html;charset=utf-8" />
  <meta name='ocr-system' content='tesseract 3.04.00' />
  <meta name='ocr-capabilities' content='ocr_page ocr_carea ocr_par ocr_line ocrx_word'/>
</head>
<body>
  <div class='ocr_page' id='page_1' title='image "./patrologiaecurs144unkngoog/patrologiaecurs144unkngoog_0054.png"; bbox 0 0 4059 6184; ppageno 0'>
   <div class='ocr_carea' id='block_1_1' title="bbox 167 261 1798 327">
    <p class='ocr_par' dir='ltr' id='par_1_1' title="bbox 167 261 1798 327">
     <span class='ocr_line' id='line_1_1' title="bbox 167 261 1798 327; baseline 0.003 -5"><span class='ocrx_word' id='word_1_1' title='bbox 167 267 215 324; x_wconf 87' lang='lat' dir='ltr'><strong>tot</strong></span> <span class='ocrx_word' id='word_1_2' title='bbox 769 261 949 322; x_wconf 67' lang='lat' dir='ltr'><strong>bristow</strong></span> <span class='ocrx_word' id='word_1_3' title='bbox 967 263 1013 320; x_wconf 83' lang='grc' dir='ltr'><strong>ΕΤ</strong></span> <span class='ocrx_word' id='word_1_4' title='bbox 1032 263 1200 322; x_wconf 63' lang='lat' dir='ltr'><strong>amesve„</strong></span> <span class='ocrx_word' id='word_1_5' title='bbox 1745 270 1798 327; x_wconf 78' lang='lat' dir='ltr'><strong>tos</strong></span> 
     </span>
    </p>
   </div>
   <div class='ocr_carea' id='block_1_2' title="bbox 159 376 1854 5599">
    <p class='ocr_par' dir='ltr' id='par_1_2' title="bbox 159 376 1854 5599">
     <span class='ocr_line' id='line_1_2' title="bbox 164 376 1797 457; baseline 0.004 -21"><span class='ocrx_word' id='word_1_6' title='bbox 164 386 313 445; x_wconf 88' lang='lat' dir='ltr'><strong>morentur,</strong></span> <span class='ocrx_word' id='word_1_7' title='bbox 342 376 438 449; x_wconf 89' lang='lat' dir='ltr'><strong>quibus</strong></span> <span class='ocrx_word' id='word_1_8' title='bbox 462 377 641 449; x_wconf 89' lang='lat' dir='ltr'><strong>liopsacsteni</strong></span> <span class='ocrx_word' id='word_1_9' title='bbox 670 377 806 434; x_wconf 83' lang='lat' dir='ltr'><strong>Theodori</strong></span> <span class='ocrx_word' id='word_1_10' title='bbox 833 377 951 448; x_wconf 74' lang='lat' dir='ltr'><strong>episcopi</strong></span> <span class='ocrx_word' id='word_1_11' title='bbox 966 379 990 439; x_wconf 77' lang='grc' dir='ltr'>Α</span> <span class='ocrx_word' id='word_1_12' title='bbox 1004 385 1048 432; x_wconf 88' lang='lat' dir='ltr'><strong>tus</strong></span> <span class='ocrx_word' id='word_1_13' title='bbox 1058 376 1176 434; x_wconf 85' lang='lat' dir='ltr'><strong>loannes</strong></span> <span class='ocrx_word' id='word_1_14' title='bbox 1188 377 1332 449; x_wconf 75' lang='lat' dir='ltr'><strong>Apostolus</strong></span> <span class='ocrx_word' id='word_1_15' title='bbox 1345 381 1372 437; x_wconf 93' lang='lat' dir='ltr'><strong>in</strong></span> <span class='ocrx_word' id='word_1_16' title='bbox 1385 381 1546 456; x_wconf 76' lang='lat' dir='ltr'><strong>Apocalypsi</strong></span> <span class='ocrx_word' id='word_1_17' title='bbox 1568 383 1645 450; x_wconf 79' lang='lat' dir='ltr'><strong>dicit,</strong></span> <span class='ocrx_word' id='word_1_18' title='bbox 1657 385 1797 457; x_wconf 83' lang='lat' dir='ltr'><strong>scripsisse</strong></span> 
     </span>
     <span class='ocr_line' id='line_1_3' title="bbox 163 468 1795 543; baseline 0.006 -20"><span class='ocrx_word' id='word_1_19' title='bbox 163 485 291 543; x_wconf 62' lang='lat' dir='ltr'><strong>pesona</strong></span> <span class='ocrx_word' id='word_1_20' title='bbox 318 483 354 524; x_wconf 90' lang='lat' dir='ltr'><strong>ne</strong></span> <span class='ocrx_word' id='word_1_21' title='bbox 380 477 442 539; x_wconf 90' lang='lat' dir='ltr'><strong>post</strong></span> <span class='ocrx_word' id='word_1_22' title='bbox 466 478 580 525; x_wconf 89' lang='lat' dir='ltr'><strong>mortem</strong></span> <span class='ocrx_word' id='word_1_23' title='bbox 601 468 722 524; x_wconf 86' lang='lat' dir='ltr'><strong>damnari</strong></span> <span class='ocrx_word' id='word_1_24' title='bbox 734 468 855 536; x_wconf 88' lang='lat' dir='ltr'><strong>deberet,</strong></span> <span class='ocrx_word' id='word_1_25' title='bbox 871 484 955 526; x_wconf 83' lang='lat' dir='ltr'><strong>excu-</strong></span> <span class='ocrx_word' id='word_1_26' title='bbox 1005 468 1144 534; x_wconf 87' lang='lat' dir='ltr'><strong>asseritur,</strong></span> <span class='ocrx_word' id='word_1_27' title='bbox 1159 469 1296 539; x_wconf 90' lang='lat' dir='ltr'><strong>inquibus</strong></span> <span class='ocrx_word' id='word_1_28' title='bbox 1319 470 1458 530; x_wconf 77' lang='lat' dir='ltr'><strong>iudaicam</strong></span> <span class='ocrx_word' id='word_1_29' title='bbox 1480 475 1645 532; x_wconf 88' lang='lat' dir='ltr'><strong>intellectum</strong></span> <span class='ocrx_word' id='word_1_30' title='bbox 1669 478 1795 533; x_wconf 78' lang='lat' dir='ltr'><strong>hahuisse</strong></span> 
     </span>
     <span class='ocr_line' id='line_1_4' title="bbox 163 558 1794 641; baseline 0.004 -24"><span class='ocrx_word' id='word_1_31' title='bbox 163 571 251 618; x_wconf 75' lang='lat' dir='ltr'><strong>satin.</strong></span> <span class='ocrx_word' id='word_1_32' title='bbox 1003 568 1139 615; x_wconf 87' lang='lat' dir='ltr'><strong>narratur.</strong></span> <span class='ocrx_word' id='word_1_33' title='bbox 1163 558 1228 616; x_wconf 86' lang='lat' dir='ltr'><strong>Post</strong></span> <span class='ocrx_word' id='word_1_34' title='bbox 1251 560 1329 631; x_wconf 85' lang='lat' dir='ltr'><strong>cujus</strong></span> <span class='ocrx_word' id='word_1_35' title='bbox 1354 574 1478 629; x_wconf 86' lang='lat' dir='ltr'><strong>mortem,</strong></span> <span class='ocrx_word' id='word_1_36' title='bbox 1505 581 1565 621; x_wconf 89' lang='lat' dir='ltr'><strong>eum</strong></span> <span class='ocrx_word' id='word_1_37' title='bbox 1591 567 1625 621; x_wconf 87' lang='lat' dir='ltr'><strong>ad</strong></span> <span class='ocrx_word' id='word_1_38' title='bbox 1640 567 1794 641; x_wconf 81' lang='lat' dir='ltr'><strong>Dionysium</strong></span> 
     </span>
     <span class='ocr_line' id='line_1_5' title="bbox 200 648 1795 731; baseline 0.003 -23"><span class='ocrx_word' id='word_1_39' title='bbox 200 658 265 710; x_wconf 62' lang='grc' dir='ltr'><strong>Ροει</strong></span> <span class='ocrx_word' id='word_1_40' title='bbox 278 654 337 710; x_wconf 75' lang='lat' dir='ltr'><strong>beo</strong></span> <span class='ocrx_word' id='word_1_41' title='bbox 350 653 473 725; x_wconf 89' lang='lat' dir='ltr'><strong>ampliori</strong></span> <span class='ocrx_word' id='word_1_42' title='bbox 483 668 548 710; x_wconf 86' lang='lat' dir='ltr'><strong>eura</strong></span> <span class='ocrx_word' id='word_1_43' title='bbox 554 654 757 725; x_wconf 80' lang='lat' dir='ltr'><strong>prospeximus,</strong></span> <span class='ocrx_word' id='word_1_44' title='bbox 770 654 794 711; x_wconf 90' lang='lat' dir='ltr'><strong>si</strong></span> <span class='ocrx_word' id='word_1_45' title='bbox 807 654 871 724; x_wconf 88' lang='lat' dir='ltr'><strong>quid</strong></span> <span class='ocrx_word' id='word_1_46' title='bbox 881 654 956 710; x_wconf 89' lang='lat' dir='ltr'><strong>iobis</strong></span> <span class='ocrx_word' id='word_1_47' title='bbox 1004 648 1173 704; x_wconf 74' lang='lat' dir='ltr'><strong>Alexandriae</strong></span> <span class='ocrx_word' id='word_1_48' title='bbox 1187 649 1342 721; x_wconf 83' lang='lat' dir='ltr'><strong>episcopam</strong></span> <span class='ocrx_word' id='word_1_49' title='bbox 1353 654 1530 722; x_wconf 87' lang='lat' dir='ltr'><strong>pervenisset,</strong></span> <span class='ocrx_word' id='word_1_50' title='bbox 1545 657 1618 726; x_wconf 93' lang='lat' dir='ltr'><strong>quod</strong></span> <span class='ocrx_word' id='word_1_51' title='bbox 1630 664 1686 713; x_wconf 91' lang='lat' dir='ltr'><strong>tuta</strong></span> <span class='ocrx_word' id='word_1_52' title='bbox 1709 657 1795 731; x_wconf 78' lang='lat' dir='ltr'><strong>AEgy·</strong></span> 
     </span>
     <span class='ocr_line' id='line_1_6' title="bbox 163 739 1795 818; baseline 0.001 -18"><span class='ocrx_word' id='word_1_53' title='bbox 163 746 210 816; x_wconf 89' lang='lat' dir='ltr'><strong>qui</strong></span> <span class='ocrx_word' id='word_1_54' title='bbox 220 744 277 814; x_wconf 81' lang='lat' dir='ltr'><strong>ism</strong></span> <span class='ocrx_word' id='word_1_55' title='bbox 289 742 408 800; x_wconf 75' lang='lat' dir='ltr'><strong>defuncti</strong></span> <span class='ocrx_word' id='word_1_56' title='bbox 423 753 495 810; x_wconf 86' lang='lat' dir='ltr'><strong>suut,</strong></span> <span class='ocrx_word' id='word_1_57' title='bbox 511 751 539 799; x_wconf 89' lang='lat' dir='ltr'><strong>et</strong></span> <span class='ocrx_word' id='word_1_58' title='bbox 553 744 662 799; x_wconf 87' lang='lat' dir='ltr'><strong>minime</strong></span> <span class='ocrx_word' id='word_1_59' title='bbox 675 744 847 814; x_wconf 88' lang='lat' dir='ltr'><strong>reperiuntur</strong></span> <span class='ocrx_word' id='word_1_60' title='bbox 861 744 888 798; x_wconf 92' lang='lat' dir='ltr'><strong>in</strong></span> <span class='ocrx_word' id='word_1_61' title='bbox 899 744 954 799; x_wconf 88' lang='lat' dir='ltr'><strong>vita</strong></span> <span class='ocrx_word' id='word_1_62' title='bbox 1005 748 1070 810; x_wconf 86' lang='lat' dir='ltr'><strong>ptus</strong></span> <span class='ocrx_word' id='word_1_63' title='bbox 1081 741 1153 809; x_wconf 86' lang='lat' dir='ltr'><strong>ipsos</strong></span> <span class='ocrx_word' id='word_1_64' title='bbox 1163 739 1255 805; x_wconf 91' lang='lat' dir='ltr'><strong>libros,</strong></span> <span class='ocrx_word' id='word_1_65' title='bbox 1270 756 1340 809; x_wconf 90' lang='lat' dir='ltr'><strong>quos</strong></span> <span class='ocrx_word' id='word_1_66' title='bbox 1353 742 1443 814; x_wconf 89' lang='lat' dir='ltr'><strong>Nepos</strong></span> <span class='ocrx_word' id='word_1_67' title='bbox 1455 745 1610 814; x_wconf 85' lang='lat' dir='ltr'><strong>reliquerat,</strong></span> <span class='ocrx_word' id='word_1_68' title='bbox 1623 748 1706 803; x_wconf 85' lang='lat' dir='ltr'><strong>veluti</strong></span> <span class='ocrx_word' id='word_1_69' title='bbox 1720 761 1795 818; x_wconf 81' lang='lat' dir='ltr'><strong>mag·</strong></span> 
     </span>
     <span class='ocr_line' id='line_1_7' title="bbox 162 831 1795 911; baseline 0.002 -20"><span class='ocrx_word' id='word_1_70' title='bbox 162 836 295 903; x_wconf 86' lang='lat' dir='ltr'><strong>damnati,</strong></span> <span class='ocrx_word' id='word_1_71' title='bbox 319 837 401 890; x_wconf 89' lang='lat' dir='ltr'><strong>etiam</strong></span> <span class='ocrx_word' id='word_1_72' title='bbox 420 842 521 892; x_wconf 87' lang='lat' dir='ltr'><strong>sanctae</strong></span> <span class='ocrx_word' id='word_1_73' title='bbox 534 833 731 891; x_wconf 88' lang='lat' dir='ltr'><strong>recordationis</strong></span> <span class='ocrx_word' id='word_1_74' title='bbox 743 834 956 904; x_wconf 84' lang='lat' dir='ltr'><strong>praedecessores</strong></span> <span class='ocrx_word' id='word_1_75' title='bbox 1005 846 1072 885; x_wconf 89' lang='lat' dir='ltr'><strong>num</strong></span> <span class='ocrx_word' id='word_1_76' title='bbox 1086 831 1195 900; x_wconf 79' lang='lat' dir='ltr'><strong>aliquod</strong></span> <span class='ocrx_word' id='word_1_77' title='bbox 1208 839 1236 888; x_wconf 90' lang='lat' dir='ltr'><strong>et</strong></span> <span class='ocrx_word' id='word_1_78' title='bbox 1249 834 1385 889; x_wconf 90' lang='lat' dir='ltr'><strong>occultum</strong></span> <span class='ocrx_word' id='word_1_79' title='bbox 1408 838 1565 908; x_wconf 76' lang='lat' dir='ltr'><strong>mysterium</strong></span> <span class='ocrx_word' id='word_1_80' title='bbox 1579 852 1610 894; x_wconf 89' lang='lat' dir='ltr'><strong>se</strong></span> <span class='ocrx_word' id='word_1_81' title='bbox 1623 839 1723 895; x_wconf 84' lang='lat' dir='ltr'><strong>habere</strong></span> <span class='ocrx_word' id='word_1_82' title='bbox 1745 856 1795 911; x_wconf 83' lang='lat' dir='ltr'><strong>pu-</strong></span> 
     </span>
     <span class='ocr_line' id='line_1_8' title="bbox 161 923 1795 997; baseline -0.002 -13"><span class='ocrx_word' id='word_1_83' title='bbox 161 928 249 983; x_wconf 85' lang='lat' dir='ltr'><strong>nostri</strong></span> <span class='ocrx_word' id='word_1_84' title='bbox 260 927 440 984; x_wconf 79' lang='lat' dir='ltr'><strong>decreverint.</strong></span> <span class='ocrx_word' id='word_1_85' title='bbox 454 925 557 994; x_wconf 80' lang='lat' dir='ltr'><strong>Quibus</strong></span> <span class='ocrx_word' id='word_1_86' title='bbox 567 926 703 997; x_wconf 85' lang='lat' dir='ltr'><strong>inspeetis,</strong></span> <span class='ocrx_word' id='word_1_87' title='bbox 715 926 873 995; x_wconf 83' lang='lat' dir='ltr'><strong>agnovimus</strong></span> <span class='ocrx_word' id='word_1_88' title='bbox 883 926 956 995; x_wconf 90' lang='lat' dir='ltr'><strong>quod</strong></span> <span class='ocrx_word' id='word_1_89' title='bbox 1007 928 1098 976; x_wconf 80' lang='lat' dir='ltr'><strong>tarot:</strong></span> <span class='ocrx_word' id='word_1_90' title='bbox 1114 929 1143 977; x_wconf 86' lang='lat' dir='ltr'><strong>et</strong></span> <span class='ocrx_word' id='word_1_91' title='bbox 1155 936 1271 992; x_wconf 85' lang='lat' dir='ltr'><strong>pergens</strong></span> <span class='ocrx_word' id='word_1_92' title='bbox 1283 923 1317 978; x_wconf 89' lang='lat' dir='ltr'><strong>ad</strong></span> <span class='ocrx_word' id='word_1_93' title='bbox 1328 939 1389 979; x_wconf 82' lang='lat' dir='ltr'><strong>euin</strong></span> <span class='ocrx_word' id='word_1_94' title='bbox 1404 924 1491 980; x_wconf 89' lang='lat' dir='ltr'><strong>locum</strong></span> <span class='ocrx_word' id='word_1_95' title='bbox 1503 925 1541 997; x_wconf 91' lang='lat' dir='ltr'><strong>(in</strong></span> <span class='ocrx_word' id='word_1_96' title='bbox 1564 926 1699 984; x_wconf 78' lang='lat' dir='ltr'><strong>Arsinoite</strong></span> <span class='ocrx_word' id='word_1_97' title='bbox 1721 931 1795 987; x_wconf 82' lang='lat' dir='ltr'><strong>enirn</strong></span> 
     </span>
     <span class='ocr_line' id='line_1_9' title="bbox 161 1012 1797 1091; baseline 0.002 -19"><span class='ocrx_word' id='word_1_98' title='bbox 161 1017 244 1086; x_wconf 85' lang='lat' dir='ltr'><strong>hujus</strong></span> <span class='ocrx_word' id='word_1_99' title='bbox 275 1017 388 1072; x_wconf 75' lang='lat' dir='ltr'><strong>cautela</strong></span> <span class='ocrx_word' id='word_1_100' title='bbox 411 1016 648 1088; x_wconf 84' lang='lat' dir='ltr'><strong>providentiaeque-</strong></span> <span class='ocrx_word' id='word_1_101' title='bbox 663 1014 776 1073; x_wconf 58' lang='lat' dir='ltr'><strong>mntem</strong></span> <span class='ocrx_word' id='word_1_102' title='bbox 802 1014 955 1072; x_wconf 87' lang='lat' dir='ltr'><strong>veneranda</strong></span> <span class='ocrx_word' id='word_1_103' title='bbox 1007 1013 1185 1082; x_wconf 79' lang='lat' dir='ltr'><strong>quaestionem</strong></span> <span class='ocrx_word' id='word_1_104' title='bbox 1199 1012 1286 1082; x_wconf 89' lang='lat' dir='ltr'><strong>ipsam</strong></span> <span class='ocrx_word' id='word_1_105' title='bbox 1299 1023 1400 1069; x_wconf 89' lang='lat' dir='ltr'><strong>motam</strong></span> <span class='ocrx_word' id='word_1_106' title='bbox 1413 1015 1494 1072; x_wconf 86' lang='lat' dir='ltr'><strong>luisse</strong></span> <span class='ocrx_word' id='word_1_107' title='bbox 1504 1017 1598 1086; x_wconf 79' lang='lat' dir='ltr'><strong>refert)</strong></span> <span class='ocrx_word' id='word_1_108' title='bbox 1622 1020 1797 1091; x_wconf 89' lang='lat' dir='ltr'><strong>scribensque</strong></span> 
     </span>
     <span class='ocr_line' id='line_1_10' title="bbox 160 1098 1796 1181; baseline 0.002 -18"><span class='ocrx_word' id='word_1_109' title='bbox 160 1108 394 1180; x_wconf 76' lang='lat' dir='ltr'><strong>predecessorum</strong></span> <span class='ocrx_word' id='word_1_110' title='bbox 404 1115 556 1162; x_wconf 88' lang='lat' dir='ltr'><strong>nostrorum</strong></span> <span class='ocrx_word' id='word_1_111' title='bbox 566 1105 804 1175; x_wconf 78' lang='lat' dir='ltr'><strong>sedisapostolicae</strong></span> <span class='ocrx_word' id='word_1_112' title='bbox 814 1104 956 1176; x_wconf 73' lang='lat' dir='ltr'><strong>presulum</strong></span> <span class='ocrx_word' id='word_1_113' title='bbox 1006 1098 1141 1155; x_wconf 79' lang='lat' dir='ltr'><strong>destruxit</strong></span> <span class='ocrx_word' id='word_1_114' title='bbox 1167 1101 1278 1156; x_wconf 86' lang='lat' dir='ltr'><strong>cosdem</strong></span> <span class='ocrx_word' id='word_1_115' title='bbox 1303 1103 1386 1160; x_wconf 90' lang='lat' dir='ltr'><strong>libros</strong></span> <span class='ocrx_word' id='word_1_116' title='bbox 1413 1113 1494 1176; x_wconf 89' lang='lat' dir='ltr'><strong>atque</strong></span> <span class='ocrx_word' id='word_1_117' title='bbox 1522 1108 1641 1162; x_wconf 85' lang='lat' dir='ltr'><strong>evertit:</strong></span> <span class='ocrx_word' id='word_1_118' title='bbox 1665 1109 1796 1181; x_wconf 76' lang='lat' dir='ltr'><strong>Nepotem</strong></span> 
     </span>
     <span class='ocr_line' id='line_1_11' title="bbox 161 1190 1796 1268; baseline 0.003 -15"><span class='ocrx_word' id='word_1_119' title='bbox 161 1199 310 1256; x_wconf 68' lang='lat' dir='ltr'><strong>corstituta</strong></span> <span class='ocrx_word' id='word_1_120' title='bbox 327 1197 404 1252; x_wconf 89' lang='lat' dir='ltr'><strong>nobis</strong></span> <span class='ocrx_word' id='word_1_121' title='bbox 418 1197 588 1268; x_wconf 88' lang='lat' dir='ltr'><strong>apertissimo</strong></span> <span class='ocrx_word' id='word_1_122' title='bbox 611 1196 788 1253; x_wconf 87' lang='lat' dir='ltr'><strong>tradiderunt.</strong></span> <span class='ocrx_word' id='word_1_123' title='bbox 804 1195 871 1251; x_wconf 84' lang='lat' dir='ltr'><strong>Nem</strong></span> <span class='ocrx_word' id='word_1_124' title='bbox 890 1197 956 1252; x_wconf 88' lang='lat' dir='ltr'><strong>bea-</strong></span> <span class='ocrx_word' id='word_1_125' title='bbox 1006 1202 1072 1243; x_wconf 70' lang='lat' dir='ltr'><strong>ttw</strong></span> <span class='ocrx_word' id='word_1_126' title='bbox 1096 1190 1142 1258; x_wconf 90' lang='lat' dir='ltr'><strong>qui</strong></span> <span class='ocrx_word' id='word_1_127' title='bbox 1163 1205 1212 1246; x_wconf 72' lang='lat'><strong>00⁸</strong></span> <span class='ocrx_word' id='word_1_128' title='bbox 1233 1192 1388 1263; x_wconf 62' lang='lat' dir='ltr'><strong>scripserat·</strong></span> <span class='ocrx_word' id='word_1_129' title='bbox 1411 1196 1589 1265; x_wconf 62' lang='lat' dir='ltr'><strong>dimitteritis</strong></span> <span class='ocrx_word' id='word_1_130' title='bbox 1602 1197 1720 1254; x_wconf 72' lang='lat' dir='ltr'><strong>militiis</strong></span> <span class='ocrx_word' id='word_1_131' title='bbox 1732 1200 1796 1268; x_wconf 76' lang='lat' dir='ltr'><strong>qula</strong></span> 
     </span>
     <span class='ocr_line' id='line_1_12' title="bbox 162 1278 1797 1358; baseline 0.001 -16"><span class='ocrx_word' id='word_1_132' title='bbox 162 1287 284 1343; x_wconf 74' lang='lat' dir='ltr'><strong>tissimus</strong></span> <span class='ocrx_word' id='word_1_133' title='bbox 297 1300 366 1357; x_wconf 88' lang='lat' dir='ltr'><strong>papa</strong></span> <span class='ocrx_word' id='word_1_134' title='bbox 382 1284 435 1341; x_wconf 86' lang='lat' dir='ltr'><strong>Leo</strong></span> <span class='ocrx_word' id='word_1_135' title='bbox 450 1285 483 1340; x_wconf 87' lang='lat' dir='ltr'><strong>ud</strong></span> <span class='ocrx_word' id='word_1_136' title='bbox 504 1286 676 1342; x_wconf 87' lang='lat' dir='ltr'><strong>Theodorum</strong></span> <span class='ocrx_word' id='word_1_137' title='bbox 691 1286 848 1357; x_wconf 83' lang='lat' dir='ltr'><strong>episcopum</strong></span> <span class='ocrx_word' id='word_1_138' title='bbox 869 1285 956 1343; x_wconf 82' lang='lat' dir='ltr'><strong>Foro·</strong></span> <span class='ocrx_word' id='word_1_139' title='bbox 1005 1278 1062 1349; x_wconf 81' lang='lat' dir='ltr'><strong>jaro</strong></span> <span class='ocrx_word' id='word_1_140' title='bbox 1073 1279 1213 1336; x_wconf 79' lang='lat' dir='ltr'><strong>defunctus</strong></span> <span class='ocrx_word' id='word_1_141' title='bbox 1224 1281 1320 1352; x_wconf 85' lang='lat' dir='ltr'><strong>iuerat,</strong></span> <span class='ocrx_word' id='word_1_142' title='bbox 1333 1284 1405 1338; x_wconf 88' lang='lat' dir='ltr'><strong>nulla</strong></span> <span class='ocrx_word' id='word_1_143' title='bbox 1419 1285 1455 1340; x_wconf 88' lang='lat' dir='ltr'><strong>sit</strong></span> <span class='ocrx_word' id='word_1_144' title='bbox 1468 1299 1609 1355; x_wconf 86' lang='lat' dir='ltr'><strong>aggressus</strong></span> <span class='ocrx_word' id='word_1_145' title='bbox 1623 1287 1797 1358; x_wconf 70' lang='lat' dir='ltr'><strong>injuriaouat</strong></span> 
     </span>
     <span class='ocr_line' id='line_1_13' title="bbox 159 1369 1797 1451; baseline 0.005 -22"><span class='ocrx_word' id='word_1_146' title='bbox 159 1374 307 1445; x_wconf 76' lang='lat' dir='ltr'><strong>jotrensem</strong></span> <span class='ocrx_word' id='word_1_147' title='bbox 331 1383 392 1447; x_wconf 90' lang='lat' dir='ltr'><strong>post</strong></span> <span class='ocrx_word' id='word_1_148' title='bbox 406 1375 458 1429; x_wconf 89' lang='lat' dir='ltr'><strong>alia</strong></span> <span class='ocrx_word' id='word_1_149' title='bbox 472 1376 509 1431; x_wconf 90' lang='lat' dir='ltr'><strong>ita</strong></span> <span class='ocrx_word' id='word_1_150' title='bbox 523 1374 587 1430; x_wconf 90' lang='lat' dir='ltr'><strong>dicit</strong></span> <span class='ocrx_word' id='word_1_151' title='bbox 603 1394 610 1429; x_wconf 74' lang='grc' dir='ltr'><strong><em>ε</em></strong></span> <span class='ocrx_word' id='word_1_152' title='bbox 625 1375 685 1431; x_wconf 88' lang='lat' dir='ltr'><strong>Nun</strong></span> <span class='ocrx_word' id='word_1_153' title='bbox 708 1392 820 1432; x_wconf 86' lang='lat' dir='ltr'><strong>neeesse</strong></span> <span class='ocrx_word' id='word_1_154' title='bbox 843 1384 885 1433; x_wconf 87' lang='lat' dir='ltr'><strong>est</strong></span> <span class='ocrx_word' id='word_1_155' title='bbox 908 1392 958 1433; x_wconf 83' lang='lat' dir='ltr'><strong>eos</strong></span> <span class='ocrx_word' id='word_1_156' title='bbox 1007 1370 1031 1426; x_wconf 79' lang='lat' dir='ltr'><strong>si</strong></span> <span class='ocrx_word' id='word_1_157' title='bbox 1046 1369 1106 1439; x_wconf 89' lang='lat' dir='ltr'><strong>quis</strong></span> <span class='ocrx_word' id='word_1_158' title='bbox 1119 1370 1199 1428; x_wconf 89' lang='lat' dir='ltr'><strong>latias</strong></span> <span class='ocrx_word' id='word_1_159' title='bbox 1212 1386 1359 1440; x_wconf 81' lang='lat' dir='ltr'><strong>agriusoerc</strong></span> <span class='ocrx_word' id='word_1_160' title='bbox 1378 1375 1444 1431; x_wconf 88' lang='lat' dir='ltr'><strong>velit</strong></span> <span class='ocrx_word' id='word_1_161' title='bbox 1458 1377 1484 1431; x_wconf 93' lang='lat' dir='ltr'><strong>in</strong></span> <span class='ocrx_word' id='word_1_162' title='bbox 1508 1386 1658 1434; x_wconf 84' lang='lat' dir='ltr'><strong>memorato</strong></span> <span class='ocrx_word' id='word_1_163' title='bbox 1674 1375 1797 1451; x_wconf 84' lang='lat' dir='ltr'><strong>&#39;septimo</strong></span> 
     </span>
     <span class='ocr_line' id='line_1_14' title="bbox 161 1457 1599 1538; baseline 0.002 -13"><span class='ocrx_word' id='word_1_164' title='bbox 161 1483 261 1525; x_wconf 86' lang='lat' dir='ltr'><strong>corum</strong></span> <span class='ocrx_word' id='word_1_165' title='bbox 276 1466 322 1536; x_wconf 90' lang='lat' dir='ltr'><strong>qui</strong></span> <span class='ocrx_word' id='word_1_166' title='bbox 334 1467 374 1523; x_wconf 91' lang='lat' dir='ltr'><strong>sie</strong></span> <span class='ocrx_word' id='word_1_167' title='bbox 388 1468 514 1521; x_wconf 89' lang='lat' dir='ltr'><strong>obierunt</strong></span> <span class='ocrx_word' id='word_1_168' title='bbox 528 1468 624 1522; x_wconf 88' lang='lat' dir='ltr'><strong>merita</strong></span> <span class='ocrx_word' id='word_1_169' title='bbox 645 1478 774 1537; x_wconf 90' lang='lat' dir='ltr'><strong>actusque</strong></span> <span class='ocrx_word' id='word_1_170' title='bbox 788 1467 977 1533; x_wconf 73' lang='lat' dir='ltr'><strong>discurreret‘</strong></span> <span class='ocrx_word' id='word_1_171' title='bbox 1009 1457 1130 1514; x_wconf 67' lang='lat' dir='ltr'><strong>liti¹⁰¹5³i³</strong></span> <span class='ocrx_word' id='word_1_172' title='bbox 1139 1458 1259 1528; x_wconf 61' lang='lat' dir='ltr'><strong>eiusdem</strong></span> <span class='ocrx_word' id='word_1_173' title='bbox 1271 1460 1379 1518; x_wconf 66' lang='lat' dir='ltr'><strong>Eusebii</strong></span> <span class='ocrx_word' id='word_1_174' title='bbox 1390 1463 1459 1519; x_wconf 76' lang='lat' dir='ltr'><strong>libtt</strong></span> <span class='ocrx_word' id='word_1_175' title='bbox 1474 1464 1599 1538; x_wconf 71' lang='lat' dir='ltr'><strong>tephriti-</strong></span> 
     </span>
     <span class='ocr_line' id='line_1_15' title="bbox 163 1550 1799 1629; baseline 0.003 -18"><span class='ocrx_word' id='word_1_176' title='bbox 163 1559 229 1611; x_wconf 82' lang='lat' dir='ltr'><strong>curn</strong></span> <span class='ocrx_word' id='word_1_177' title='bbox 255 1555 386 1611; x_wconf 82' lang='lat' dir='ltr'><strong>Dominus</strong></span> <span class='ocrx_word' id='word_1_178' title='bbox 408 1555 480 1611; x_wconf 86' lang='lat' dir='ltr'><strong>Deus</strong></span> <span class='ocrx_word' id='word_1_179' title='bbox 503 1565 606 1624; x_wconf 89' lang='lat' dir='ltr'><strong>noster,</strong></span> <span class='ocrx_word' id='word_1_180' title='bbox 622 1555 698 1627; x_wconf 85' lang='lat' dir='ltr'><strong>cujus</strong></span> <span class='ocrx_word' id='word_1_181' title='bbox 708 1555 809 1626; x_wconf 82' lang='lat' dir='ltr'><strong>judicia</strong></span> <span class='ocrx_word' id='word_1_182' title='bbox 823 1563 959 1629; x_wconf 84' lang='lat' dir='ltr'><strong>nequeunt</strong></span> <span class='ocrx_word' id='word_1_183' title='bbox 1044 1550 1145 1616; x_wconf 70' lang='lat' dir='ltr'><strong>Quibus</strong></span> <span class='ocrx_word' id='word_1_184' title='bbox 1159 1552 1282 1608; x_wconf 90' lang='lat' dir='ltr'><strong>omnibus</strong></span> <span class='ocrx_word' id='word_1_185' title='bbox 1296 1552 1440 1623; x_wconf 89' lang='lat' dir='ltr'><strong>diligenter</strong></span> <span class='ocrx_word' id='word_1_186' title='bbox 1454 1556 1590 1626; x_wconf 79' lang='lat' dir='ltr'><strong>inspectis,</strong></span> <span class='ocrx_word' id='word_1_187' title='bbox 1604 1557 1667 1627; x_wconf 79' lang='lat' dir='ltr'><strong>guis</strong></span> <span class='ocrx_word' id='word_1_188' title='bbox 1681 1558 1744 1615; x_wconf 83' lang='lat' dir='ltr'><strong>lieet</strong></span> <span class='ocrx_word' id='word_1_189' title='bbox 1756 1558 1799 1615; x_wconf 88' lang='lat' dir='ltr'><strong>di·</strong></span> 
     </span>
     <span class='ocr_line' id='line_1_16' title="bbox 162 1640 1798 1721; baseline 0.006 -17"><span class='ocrx_word' id='word_1_190' title='bbox 162 1646 371 1717; x_wconf 75' lang='lat' dir='ltr'><strong>comprehendi,</strong></span> <span class='ocrx_word' id='word_1_191' title='bbox 385 1645 458 1718; x_wconf 82' lang='lat' dir='ltr'><strong>quod</strong></span> <span class='ocrx_word' id='word_1_192' title='bbox 481 1646 649 1703; x_wconf 79' lang='lat' dir='ltr'><strong>sacerdotate</strong></span> <span class='ocrx_word' id='word_1_193' title='bbox 664 1648 821 1721; x_wconf 68' lang='lat' dir='ltr'><strong>nostorum</strong></span> <span class='ocrx_word' id='word_1_194' title='bbox 847 1648 959 1719; x_wconf 75' lang='lat' dir='ltr'><strong>tmpore</strong></span> <span class='ocrx_word' id='word_1_195' title='bbox 1009 1655 1089 1696; x_wconf 80' lang='lat' dir='ltr'><strong>versu</strong></span> <span class='ocrx_word' id='word_1_196' title='bbox 1113 1640 1207 1698; x_wconf 70' lang='lat' dir='ltr'><strong>Patres</strong></span> <span class='ocrx_word' id='word_1_197' title='bbox 1229 1643 1314 1699; x_wconf 80' lang='lat' dir='ltr'><strong>nostri</strong></span> <span class='ocrx_word' id='word_1_198' title='bbox 1340 1646 1483 1702; x_wconf 71' lang='lat' dir='ltr'><strong>verborum</strong></span> <span class='ocrx_word' id='word_1_199' title='bbox 1503 1647 1595 1714; x_wconf 83' lang='lat' dir='ltr'><strong>nouo,</strong></span> <span class='ocrx_word' id='word_1_200' title='bbox 1615 1648 1695 1704; x_wconf 81' lang='lat' dir='ltr'><strong>unius</strong></span> <span class='ocrx_word' id='word_1_201' title='bbox 1707 1657 1798 1706; x_wconf 79' lang='lat' dir='ltr'><strong>amen</strong></span> 
     </span>
     <span class='ocr_line' id='line_1_17' title="bbox 163 1727 1798 1814; baseline 0.006 -24"><span class='ocrx_word' id='word_1_202' title='bbox 163 1752 221 1792; x_wconf 91' lang='lat' dir='ltr'><strong>non</strong></span> <span class='ocrx_word' id='word_1_203' title='bbox 238 1744 354 1807; x_wconf 89' lang='lat' dir='ltr'><strong>poterat,</strong></span> <span class='ocrx_word' id='word_1_204' title='bbox 378 1752 434 1792; x_wconf 78' lang='lat' dir='ltr'><strong>sum</strong></span> <span class='ocrx_word' id='word_1_205' title='bbox 453 1735 565 1806; x_wconf 81' lang='lat' dir='ltr'><strong>justitiae</strong></span> <span class='ocrx_word' id='word_1_206' title='bbox 587 1737 745 1793; x_wconf 80' lang='lat' dir='ltr'><strong>reservavit.</strong></span> <span class='ocrx_word' id='word_1_207' title='bbox 769 1735 835 1793; x_wconf 87' lang='lat' dir='ltr'><strong>item</strong></span> <span class='ocrx_word' id='word_1_208' title='bbox 863 1737 958 1794; x_wconf 86' lang='lat' dir='ltr'><strong>beatus</strong></span> <span class='ocrx_word' id='word_1_209' title='bbox 975 1727 1095 1814; x_wconf 76' lang='lat' dir='ltr'><strong>Bdnctu</strong></span> <span class='ocrx_word' id='word_1_210' title='bbox 1109 1729 1302 1799; x_wconf 47' lang='lat' dir='ltr'><strong>intelligenti&amp;</strong></span> <span class='ocrx_word' id='word_1_211' title='bbox 1317 1732 1490 1804; x_wconf 58' lang='lat' dir='ltr'><strong>disserentes,</strong></span> <span class='ocrx_word' id='word_1_212' title='bbox 1510 1735 1608 1792; x_wconf 66' lang='lat' dir='ltr'><strong>illaettt</strong></span> <span class='ocrx_word' id='word_1_213' title='bbox 1627 1737 1798 1796; x_wconf 64' lang='lat' dir='ltr'><strong>sacerdotum</strong></span> 
     </span>
     <span class='ocr_line' id='line_1_18' title="bbox 163 1823 1796 1900; baseline 0.004 -20"><span class='ocrx_word' id='word_1_214' title='bbox 163 1823 292 1881; x_wconf 84' lang='lat' dir='ltr'><strong>Gelasius</strong></span> <span class='ocrx_word' id='word_1_215' title='bbox 306 1839 373 1896; x_wconf 89' lang='lat' dir='ltr'><strong>papa</strong></span> <span class='ocrx_word' id='word_1_216' title='bbox 389 1825 415 1879; x_wconf 93' lang='lat' dir='ltr'><strong>in</strong></span> <span class='ocrx_word' id='word_1_217' title='bbox 430 1825 545 1895; x_wconf 86' lang='lat' dir='ltr'><strong>epistola</strong></span> <span class='ocrx_word' id='word_1_218' title='bbox 558 1839 638 1895; x_wconf 84' lang='lat' dir='ltr'><strong>quarn</strong></span> <span class='ocrx_word' id='word_1_219' title='bbox 652 1825 687 1880; x_wconf 90' lang='lat' dir='ltr'><strong>ad</strong></span> <span class='ocrx_word' id='word_1_220' title='bbox 701 1826 843 1897; x_wconf 89' lang='lat' dir='ltr'><strong>episcopos</strong></span> <span class='ocrx_word' id='word_1_221' title='bbox 857 1824 957 1880; x_wconf 84' lang='lat' dir='ltr'><strong>Darda·</strong></span> <span class='ocrx_word' id='word_1_222' title='bbox 979 1835 984 1844; x_wconf 73' lang='grc'><strong>“</strong></span> <span class='ocrx_word' id='word_1_223' title='bbox 1009 1824 1036 1880; x_wconf 91' lang='lat' dir='ltr'><strong>in</strong></span> <span class='ocrx_word' id='word_1_224' title='bbox 1048 1840 1115 1894; x_wconf 90' lang='lat' dir='ltr'><strong>pace</strong></span> <span class='ocrx_word' id='word_1_225' title='bbox 1125 1825 1307 1882; x_wconf 85' lang='lat' dir='ltr'><strong>ecclesiastica</strong></span> <span class='ocrx_word' id='word_1_226' title='bbox 1317 1825 1503 1883; x_wconf 81' lang='lat' dir='ltr'><strong>detunctorum</strong></span> <span class='ocrx_word' id='word_1_227' title='bbox 1510 1837 1796 1900; x_wconf 81' lang='lat' dir='ltr'><strong>servavercpcrsonas,</strong></span> 
     </span>
     <span class='ocr_line' id='line_1_19' title="bbox 162 1913 1798 1990; baseline 0.001 -16"><span class='ocrx_word' id='word_1_228' title='bbox 162 1918 219 1974; x_wconf 81' lang='lat' dir='ltr'><strong>uiae</strong></span> <span class='ocrx_word' id='word_1_229' title='bbox 230 1918 264 1973; x_wconf 94' lang='lat' dir='ltr'><strong>de</strong></span> <span class='ocrx_word' id='word_1_230' title='bbox 276 1933 356 1974; x_wconf 88' lang='lat' dir='ltr'><strong>eausa</strong></span> <span class='ocrx_word' id='word_1_231' title='bbox 370 1918 461 1973; x_wconf 81' lang='lat' dir='ltr'><strong>Aeacii</strong></span> <span class='ocrx_word' id='word_1_232' title='bbox 473 1918 592 1988; x_wconf 84' lang='lat' dir='ltr'><strong>scripsit,</strong></span> <span class='ocrx_word' id='word_1_233' title='bbox 606 1919 730 1988; x_wconf 73' lang='lat' dir='ltr'><strong>poetalis</strong></span> <span class='ocrx_word' id='word_1_234' title='bbox 742 1919 779 1973; x_wconf 90' lang='lat' dir='ltr'><strong>ita</strong></span> <span class='ocrx_word' id='word_1_235' title='bbox 800 1918 884 1974; x_wconf 89' lang='lat' dir='ltr'><strong>dicit:</strong></span> <span class='ocrx_word' id='word_1_236' title='bbox 907 1917 958 1985; x_wconf 80' lang='lat' dir='ltr'><strong>Qui</strong></span> <span class='ocrx_word' id='word_1_237' title='bbox 1009 1913 1133 1982; x_wconf 87' lang='lat' dir='ltr'><strong>idemque</strong></span> <span class='ocrx_word' id='word_1_238' title='bbox 1147 1914 1304 1984; x_wconf 77' lang='lat' dir='ltr'><strong>regulariter</strong></span> <span class='ocrx_word' id='word_1_239' title='bbox 1314 1917 1469 1986; x_wconf 79' lang='lat' dir='ltr'><strong>apostolieae</strong></span> <span class='ocrx_word' id='word_1_240' title='bbox 1482 1917 1553 1973; x_wconf 88' lang='lat' dir='ltr'><strong>sodis</strong></span> <span class='ocrx_word' id='word_1_241' title='bbox 1565 1932 1630 1988; x_wconf 80' lang='lat' dir='ltr'><strong>quse</strong></span> <span class='ocrx_word' id='word_1_242' title='bbox 1638 1933 1718 1990; x_wconf 87' lang='lat' dir='ltr'><strong>supra</strong></span> <span class='ocrx_word' id='word_1_243' title='bbox 1727 1917 1798 1975; x_wconf 86' lang='lat' dir='ltr'><strong>dixi·</strong></span> 
     </span>
     <span class='ocr_line' id='line_1_20' title="bbox 162 2002 1799 2085; baseline -0.002 -18"><span class='ocrx_word' id='word_1_244' title='bbox 162 2022 312 2085; x_wconf 84' lang='lat' dir='ltr'><strong>postqoam</strong></span> <span class='ocrx_word' id='word_1_245' title='bbox 326 2013 353 2066; x_wconf 92' lang='lat' dir='ltr'><strong>in</strong></span> <span class='ocrx_word' id='word_1_246' title='bbox 364 2011 507 2079; x_wconf 77' lang='lat' dir='ltr'><strong>collegium</strong></span> <span class='ocrx_word' id='word_1_247' title='bbox 522 2009 646 2067; x_wconf 88' lang='lat' dir='ltr'><strong>recidens</strong></span> <span class='ocrx_word' id='word_1_248' title='bbox 660 2011 812 2081; x_wconf 88' lang='lat' dir='ltr'><strong>pravitatis,</strong></span> <span class='ocrx_word' id='word_1_249' title='bbox 824 2009 886 2079; x_wconf 83' lang='lat' dir='ltr'><strong>jure</strong></span> <span class='ocrx_word' id='word_1_250' title='bbox 899 2026 958 2065; x_wconf 88' lang='lat' dir='ltr'><strong>me·</strong></span> <span class='ocrx_word' id='word_1_251' title='bbox 1009 2017 1070 2057; x_wconf 87' lang='lat' dir='ltr'><strong>mus</strong></span> <span class='ocrx_word' id='word_1_252' title='bbox 1085 2002 1215 2058; x_wconf 85' lang='lat' dir='ltr'><strong>deliniunt</strong></span> <span class='ocrx_word' id='word_1_253' title='bbox 1227 2006 1373 2061; x_wconf 83' lang='lat' dir='ltr'><strong>constituta</strong></span> <span class='ocrx_word' id='word_1_254' title='bbox 1386 2006 1475 2062; x_wconf 87' lang='lat' dir='ltr'><strong>:Nulli</strong></span> <span class='ocrx_word' id='word_1_255' title='bbox 1489 2008 1572 2064; x_wconf 88' lang='lat' dir='ltr'><strong>licere</strong></span> <span class='ocrx_word' id='word_1_256' title='bbox 1584 2009 1799 2080; x_wconf 85' lang='lat' dir='ltr'><strong>noviteralquid</strong></span> 
     </span>
     <span class='ocr_line' id='line_1_21' title="bbox 163 2092 1800 2174; baseline -0.004 -14"><span class='ocrx_word' id='word_1_257' title='bbox 163 2105 223 2160; x_wconf 91' lang='lat' dir='ltr'><strong>ruit</strong></span> <span class='ocrx_word' id='word_1_258' title='bbox 236 2105 271 2160; x_wconf 87' lang='lat' dir='ltr'><strong>ab</strong></span> <span class='ocrx_word' id='word_1_259' title='bbox 280 2103 426 2174; x_wconf 85' lang='lat' dir='ltr'><strong>apostolica</strong></span> <span class='ocrx_word' id='word_1_260' title='bbox 437 2101 626 2159; x_wconf 89' lang='lat' dir='ltr'><strong>communione</strong></span> <span class='ocrx_word' id='word_1_261' title='bbox 640 2103 752 2171; x_wconf 89' lang='lat' dir='ltr'><strong>secludi,</strong></span> <span class='ocrx_word' id='word_1_262' title='bbox 768 2103 796 2157; x_wconf 92' lang='lat' dir='ltr'><strong>iu</strong></span> <span class='ocrx_word' id='word_1_263' title='bbox 808 2103 859 2157; x_wconf 91' lang='lat' dir='ltr'><strong>hae</strong></span> <span class='ocrx_word' id='word_1_264' title='bbox 868 2111 959 2159; x_wconf 85' lang='lat' dir='ltr'><strong>antem</strong></span> <span class='ocrx_word' id='word_1_265' title='bbox 1010 2092 1045 2147; x_wconf 77' lang='lat' dir='ltr'><strong>dt</strong></span> <span class='ocrx_word' id='word_1_266' title='bbox 1068 2102 1234 2149; x_wconf 73' lang='lat' dir='ltr'><strong>thoritiorum</strong></span> <span class='ocrx_word' id='word_1_267' title='bbox 1246 2093 1369 2164; x_wconf 70' lang='lat' dir='ltr'><strong>iudicate</strong></span> <span class='ocrx_word' id='word_1_268' title='bbox 1392 2096 1534 2167; x_wconf 86' lang='lat' dir='ltr'><strong>personis:</strong></span> <span class='ocrx_word' id='word_1_269' title='bbox 1549 2098 1597 2153; x_wconf 87' lang='lat' dir='ltr'><strong>scd</strong></span> <span class='ocrx_word' id='word_1_270' title='bbox 1612 2099 1639 2154; x_wconf 92' lang='lat' dir='ltr'><strong>in</strong></span> <span class='ocrx_word' id='word_1_271' title='bbox 1653 2099 1706 2155; x_wconf 90' lang='lat' dir='ltr'><strong>hoe</strong></span> <span class='ocrx_word' id='word_1_272' title='bbox 1717 2099 1800 2155; x_wconf 87' lang='lat' dir='ltr'><strong>relia-</strong></span> 
     </span>
     <span class='ocr_line' id='line_1_22' title="bbox 164 2182 1798 2265; baseline 0.004 -17"><span class='ocrx_word' id='word_1_273' title='bbox 164 2192 317 2265; x_wconf 80' lang='lat' dir='ltr'><strong>persistens</strong></span> <span class='ocrx_word' id='word_1_274' title='bbox 335 2190 509 2246; x_wconf 88' lang='lat' dir='ltr'><strong>damnatione</strong></span> <span class='ocrx_word' id='word_1_275' title='bbox 522 2189 665 2246; x_wconf 74' lang='lat' dir='ltr'><strong>defunctus</strong></span> <span class='ocrx_word' id='word_1_276' title='bbox 684 2197 735 2255; x_wconf 86' lang='lat' dir='ltr'><strong>cst,</strong></span> <span class='ocrx_word' id='word_1_277' title='bbox 750 2190 958 2255; x_wconf 87' lang='lat' dir='ltr'><strong>absolutionem,</strong></span> <span class='ocrx_word' id='word_1_278' title='bbox 1009 2182 1066 2250; x_wconf 83' lang='lat' dir='ltr'><strong>(tvi,</strong></span> <span class='ocrx_word' id='word_1_279' title='bbox 1078 2183 1105 2237; x_wconf 85' lang='lat' dir='ltr'><strong>io</strong></span> <span class='ocrx_word' id='word_1_280' title='bbox 1119 2197 1173 2251; x_wconf 83' lang='lat' dir='ltr'><strong>quo</strong></span> <span class='ocrx_word' id='word_1_281' title='bbox 1188 2198 1405 2254; x_wconf 86' lang='lat' dir='ltr'><strong>unumquemque</strong></span> <span class='ocrx_word' id='word_1_282' title='bbox 1419 2186 1477 2243; x_wconf 88' lang='lat' dir='ltr'><strong>dies</strong></span> <span class='ocrx_word' id='word_1_283' title='bbox 1491 2202 1633 2259; x_wconf 79' lang='lat' dir='ltr'><strong>supremos</strong></span> <span class='ocrx_word' id='word_1_284' title='bbox 1646 2188 1757 2255; x_wconf 68' lang='lat' dir='ltr'><strong>Intenti·</strong></span> <span class='ocrx_word' id='word_1_285' title='bbox 1768 2197 1798 2246; x_wconf 76' lang='lat' dir='ltr'><strong>tl</strong></span> 
     </span>
     <span class='ocr_line' id='line_1_23' title="bbox 165 2272 1799 2355; baseline 0.001 -20"><span class='ocrx_word' id='word_1_286' title='bbox 165 2296 250 2355; x_wconf 82' lang='lat' dir='ltr'><strong>quiam</strong></span> <span class='ocrx_word' id='word_1_287' title='bbox 268 2287 404 2353; x_wconf 85' lang='lat' dir='ltr'><strong>superstes</strong></span> <span class='ocrx_word' id='word_1_288' title='bbox 426 2295 479 2335; x_wconf 88' lang='lat' dir='ltr'><strong>nco</strong></span> <span class='ocrx_word' id='word_1_289' title='bbox 506 2279 629 2350; x_wconf 74' lang='lat' dir='ltr'><strong>quaesivit</strong></span> <span class='ocrx_word' id='word_1_290' title='bbox 641 2280 763 2344; x_wconf 90' lang='lat' dir='ltr'><strong>omniuo,</strong></span> <span class='ocrx_word' id='word_1_291' title='bbox 787 2294 837 2334; x_wconf 88' lang='lat' dir='ltr'><strong>nec</strong></span> <span class='ocrx_word' id='word_1_292' title='bbox 851 2280 958 2345; x_wconf 88' lang='lat' dir='ltr'><strong>meruit,</strong></span> <span class='ocrx_word' id='word_1_293' title='bbox 1009 2272 1211 2342; x_wconf 79' lang='lat' dir='ltr'><strong>specialiter‘de</strong></span> <span class='ocrx_word' id='word_1_294' title='bbox 1235 2272 1370 2331; x_wconf 85' lang='lat' dir='ltr'><strong>Theodori</strong></span> <span class='ocrx_word' id='word_1_295' title='bbox 1383 2274 1564 2347; x_wconf 82' lang='lat' dir='ltr'><strong>Nopsucsteui</strong></span> <span class='ocrx_word' id='word_1_296' title='bbox 1591 2279 1709 2345; x_wconf 89' lang='lat' dir='ltr'><strong>nomine,</strong></span> <span class='ocrx_word' id='word_1_297' title='bbox 1733 2280 1799 2350; x_wconf 91' lang='lat' dir='ltr'><strong>quid</strong></span> 
     </span>
     <span class='ocr_line' id='line_1_24' title="bbox 165 2364 1800 2441; baseline 0 -13"><span class='ocrx_word' id='word_1_298' title='bbox 165 2379 293 2428; x_wconf 86' lang='lat' dir='ltr'><strong>mortuus</strong></span> <span class='ocrx_word' id='word_1_299' title='bbox 308 2369 365 2440; x_wconf 84' lang='lat' dir='ltr'><strong>jam</strong></span> <span class='ocrx_word' id='word_1_300' title='bbox 381 2386 435 2425; x_wconf 93' lang='lat' dir='ltr'><strong>non</strong></span> <span class='ocrx_word' id='word_1_301' title='bbox 448 2378 539 2441; x_wconf 88' lang='lat' dir='ltr'><strong>potest</strong></span> <span class='ocrx_word' id='word_1_302' title='bbox 552 2370 705 2441; x_wconf 86' lang='lat' dir='ltr'><strong>impetrare.</strong></span> <span class='ocrx_word' id='word_1_303' title='bbox 732 2368 870 2439; x_wconf 87' lang='lat' dir='ltr'><strong>Siquidem</strong></span> <span class='ocrx_word' id='word_1_304' title='bbox 896 2368 960 2438; x_wconf 85' lang='lat' dir='ltr'><strong>ipsis</strong></span> <span class='ocrx_word' id='word_1_305' title='bbox 1009 2364 1095 2419; x_wconf 88' lang='lat' dir='ltr'><strong>saneti</strong></span> <span class='ocrx_word' id='word_1_306' title='bbox 1106 2364 1199 2420; x_wconf 83' lang='lat' dir='ltr'><strong>Patres</strong></span> <span class='ocrx_word' id='word_1_307' title='bbox 1210 2366 1296 2421; x_wconf 90' lang='lat' dir='ltr'><strong>nostri</strong></span> <span class='ocrx_word' id='word_1_308' title='bbox 1310 2366 1501 2438; x_wconf 82' lang='lat' dir='ltr'><strong>disposuerint,</strong></span> <span class='ocrx_word' id='word_1_309' title='bbox 1516 2371 1639 2441; x_wconf 85' lang='lat' dir='ltr'><strong>superius</strong></span> <span class='ocrx_word' id='word_1_310' title='bbox 1660 2372 1800 2428; x_wconf 82' lang='lat' dir='ltr'><strong>evidenter</strong></span> 
     </span>
     <span class='ocr_line' id='line_1_25' title="bbox 166 2456 1801 2533; baseline 0.002 -17"><span class='ocrx_word' id='word_1_311' title='bbox 166 2460 300 2533; x_wconf 86' lang='lat' dir='ltr'><strong>apostolis</strong></span> <span class='ocrx_word' id='word_1_312' title='bbox 313 2458 412 2516; x_wconf 84' lang='lat' dir='ltr'><strong>Christi</strong></span> <span class='ocrx_word' id='word_1_313' title='bbox 426 2473 494 2514; x_wconf 88' lang='lat' dir='ltr'><strong>voce</strong></span> <span class='ocrx_word' id='word_1_314' title='bbox 505 2458 657 2527; x_wconf 82' lang='lat' dir='ltr'><strong>delegatum</strong></span> <span class='ocrx_word' id='word_1_315' title='bbox 671 2465 727 2513; x_wconf 79' lang='lat' dir='ltr'><strong>est:</strong></span> <span class='ocrx_word' id='word_1_316' title='bbox 743 2456 807 2522; x_wconf 81' lang='lat' dir='ltr'><strong>Quo</strong></span> <span class='ocrx_word' id='word_1_317' title='bbox 819 2458 960 2528; x_wconf 75' lang='lat' dir='ltr'><strong>ligaveritis</strong></span> <span class='ocrx_word' id='word_1_318' title='bbox 1010 2470 1167 2527; x_wconf 78' lang='lat' dir='ltr'><strong>expressum</strong></span> <span class='ocrx_word' id='word_1_319' title='bbox 1181 2463 1223 2514; x_wconf 86' lang='lat' dir='ltr'><strong>est</strong></span> <span class='ocrx_word' id='word_1_320' title='bbox 1237 2475 1245 2511; x_wconf 75' lang='grc' dir='ltr'><strong><em>ε</em></strong></span> <span class='ocrx_word' id='word_1_321' title='bbox 1260 2472 1323 2513; x_wconf 87' lang='lat' dir='ltr'><strong>eum</strong></span> <span class='ocrx_word' id='word_1_322' title='bbox 1342 2469 1434 2514; x_wconf 89' lang='lat' dir='ltr'><strong>nostra</strong></span> <span class='ocrx_word' id='word_1_323' title='bbox 1456 2473 1509 2517; x_wconf 88' lang='lat' dir='ltr'><strong>noo</strong></span> <span class='ocrx_word' id='word_1_324' title='bbox 1531 2460 1660 2518; x_wconf 90' lang='lat' dir='ltr'><strong>audemus</strong></span> <span class='ocrx_word' id='word_1_325' title='bbox 1672 2462 1801 2520; x_wconf 85' lang='lat' dir='ltr'><strong>damnare</strong></span> 
     </span>
     <span class='ocr_line' id='line_1_26' title="bbox 165 2546 1799 2626; baseline -0.001 -17"><span class='ocrx_word' id='word_1_326' title='bbox 165 2570 249 2626; x_wconf 79' lang='lat' dir='ltr'><strong>saper</strong></span> <span class='ocrx_word' id='word_1_327' title='bbox 259 2565 364 2617; x_wconf 80' lang='lat' dir='ltr'><strong>rmum,</strong></span> <span class='ocrx_word' id='word_1_328' title='bbox 379 2562 404 2607; x_wconf 86' lang='lat' dir='ltr'><strong>et</strong></span> <span class='ocrx_word' id='word_1_329' title='bbox 419 2567 476 2623; x_wconf 84' lang='lat' dir='ltr'><strong>qaoe</strong></span> <span class='ocrx_word' id='word_1_330' title='bbox 487 2550 614 2606; x_wconf 79' lang='lat' dir='ltr'><strong>colueritis</strong></span> <span class='ocrx_word' id='word_1_331' title='bbox 634 2567 712 2622; x_wconf 80' lang='lat' dir='ltr'><strong>super</strong></span> <span class='ocrx_word' id='word_1_332' title='bbox 733 2557 829 2605; x_wconf 83' lang='lat' dir='ltr'><strong>terrum</strong></span> <span class='ocrx_word' id='word_1_333' title='bbox 853 2547 958 2621; x_wconf 77' lang='lat' dir='ltr'><strong>(Notat.</strong></span> <span class='ocrx_word' id='word_1_334' title='bbox 1009 2546 1155 2616; x_wconf 85' lang='lat' dir='ltr'><strong>sententia,</strong></span> <span class='ocrx_word' id='word_1_335' title='bbox 1167 2547 1215 2603; x_wconf 88' lang='lat' dir='ltr'><strong>sed</strong></span> <span class='ocrx_word' id='word_1_336' title='bbox 1230 2561 1282 2603; x_wconf 89' lang='lat' dir='ltr'><strong>nee</strong></span> <span class='ocrx_word' id='word_1_337' title='bbox 1294 2548 1328 2603; x_wconf 84' lang='lat' dir='ltr'><strong>ab</strong></span> <span class='ocrx_word' id='word_1_338' title='bbox 1341 2547 1396 2604; x_wconf 91' lang='lat' dir='ltr'><strong>alio</strong></span> <span class='ocrx_word' id='word_1_339' title='bbox 1408 2550 1534 2620; x_wconf 86' lang='lat' dir='ltr'><strong>quopiam</strong></span> <span class='ocrx_word' id='word_1_340' title='bbox 1546 2550 1719 2607; x_wconf 81' lang='lat' dir='ltr'><strong>condemnari</strong></span> <span class='ocrx_word' id='word_1_341' title='bbox 1730 2566 1799 2608; x_wconf 90' lang='lat' dir='ltr'><strong>coo·</strong></span> 
     </span>
     <span class='ocr_line' id='line_1_27' title="bbox 166 2637 1800 2714; baseline -0.001 -14"><span class='ocrx_word' id='word_1_342' title='bbox 166 2644 260 2714; x_wconf 79' lang='lat' dir='ltr'><strong>mur).</strong></span> <span class='ocrx_word' id='word_1_343' title='bbox 275 2643 411 2699; x_wconf 72' lang='lat' dir='ltr'><strong>Caeterum</strong></span> <span class='ocrx_word' id='word_1_344' title='bbox 423 2641 479 2711; x_wconf 75' lang='lat' dir='ltr'><strong>iam</strong></span> <span class='ocrx_word' id='word_1_345' title='bbox 490 2642 524 2698; x_wconf 90' lang='lat' dir='ltr'><strong>de</strong></span> <span class='ocrx_word' id='word_1_346' title='bbox 537 2657 570 2697; x_wconf 89' lang='lat' dir='ltr'><strong>eo</strong></span> <span class='ocrx_word' id='word_1_347' title='bbox 582 2643 629 2712; x_wconf 92' lang='lat' dir='ltr'><strong>qui</strong></span> <span class='ocrx_word' id='word_1_348' title='bbox 641 2641 667 2696; x_wconf 91' lang='lat' dir='ltr'><strong>in</strong></span> <span class='ocrx_word' id='word_1_349' title='bbox 682 2640 775 2696; x_wconf 89' lang='lat' dir='ltr'><strong>divino</strong></span> <span class='ocrx_word' id='word_1_350' title='bbox 798 2647 840 2696; x_wconf 88' lang='lat' dir='ltr'><strong>est</strong></span> <span class='ocrx_word' id='word_1_351' title='bbox 860 2638 960 2709; x_wconf 83' lang='lat' dir='ltr'><strong>judicio</strong></span> <span class='ocrx_word' id='word_1_352' title='bbox 1010 2637 1149 2712; x_wconf 86' lang='lat' dir='ltr'><strong>ccdimus:</strong></span> <span class='ocrx_word' id='word_1_353' title='bbox 1164 2637 1235 2694; x_wconf 86' lang='lat' dir='ltr'><strong>absit</strong></span> <span class='ocrx_word' id='word_1_354' title='bbox 1258 2645 1348 2694; x_wconf 87' lang='lat' dir='ltr'><strong>tamen</strong></span> <span class='ocrx_word' id='word_1_355' title='bbox 1366 2640 1589 2710; x_wconf 80' lang='lat' dir='ltr'><strong>utsuprascripta</strong></span> <span class='ocrx_word' id='word_1_356' title='bbox 1603 2642 1720 2712; x_wconf 82' lang='lat' dir='ltr'><strong>capitula</strong></span> <span class='ocrx_word' id='word_1_357' title='bbox 1732 2641 1800 2713; x_wconf 88' lang='lat' dir='ltr'><strong>dog·</strong></span> 
     </span>
     <span class='ocr_line' id='line_1_28' title="bbox 167 2729 1800 2802; baseline -0.001 -13"><span class='ocrx_word' id='word_1_358' title='bbox 167 2733 334 2789; x_wconf 89' lang='lat' dir='ltr'><strong>constitutus</strong></span> <span class='ocrx_word' id='word_1_359' title='bbox 344 2731 423 2788; x_wconf 90' lang='lat' dir='ltr'><strong>nohis</strong></span> <span class='ocrx_word' id='word_1_360' title='bbox 434 2730 475 2786; x_wconf 86' lang='lat' dir='ltr'><strong>ias</strong></span> <span class='ocrx_word' id='word_1_361' title='bbox 488 2729 560 2786; x_wconf 91' lang='lat' dir='ltr'><strong>aliod</strong></span> <span class='ocrx_word' id='word_1_362' title='bbox 574 2729 721 2786; x_wconf 87' lang='lat' dir='ltr'><strong>decernere</strong></span> <span class='ocrx_word' id='word_1_363' title='bbox 733 2744 787 2785; x_wconf 93' lang='lat' dir='ltr'><strong>non</strong></span> <span class='ocrx_word' id='word_1_364' title='bbox 801 2738 853 2796; x_wconf 87' lang='lat' dir='ltr'><strong>est,</strong></span> <span class='ocrx_word' id='word_1_365' title='bbox 865 2737 962 2799; x_wconf 78' lang='lat' dir='ltr'><strong>preter</strong></span> <span class='ocrx_word' id='word_1_366' title='bbox 1010 2737 1123 2795; x_wconf 85' lang='lat' dir='ltr'><strong>metum,</strong></span> <span class='ocrx_word' id='word_1_367' title='bbox 1137 2745 1197 2800; x_wconf 70' lang='lat' dir='ltr'><strong>quse</strong></span> <span class='ocrx_word' id='word_1_368' title='bbox 1206 2730 1353 2788; x_wconf 88' lang='lat' dir='ltr'><strong>secundum</strong></span> <span class='ocrx_word' id='word_1_369' title='bbox 1372 2730 1508 2801; x_wconf 82' lang='lat' dir='ltr'><strong>subiectos</strong></span> <span class='ocrx_word' id='word_1_370' title='bbox 1534 2731 1718 2802; x_wconf 68' lang='lat' dir='ltr'><strong>intelligentie</strong></span> <span class='ocrx_word' id='word_1_371' title='bbox 1737 2747 1800 2789; x_wconf 90' lang='lat' dir='ltr'><strong>seu·</strong></span> 
     </span>
     <span class='ocr_line' id='line_1_29' title="bbox 169 2807 1800 2893; baseline -0.001 -14"><span class='ocrx_word' id='word_1_372' title='bbox 169 2807 237 2879; x_wconf 62' lang='lat' dir='ltr'><strong>id&#39;in</strong></span> <span class='ocrx_word' id='word_1_373' title='bbox 252 2839 306 2893; x_wconf 93' lang='lat' dir='ltr'><strong>quo</strong></span> <span class='ocrx_word' id='word_1_374' title='bbox 321 2838 383 2878; x_wconf 88' lang='lat' dir='ltr'><strong>euru</strong></span> <span class='ocrx_word' id='word_1_375' title='bbox 398 2821 457 2877; x_wconf 89' lang='lat' dir='ltr'><strong>dies</strong></span> <span class='ocrx_word' id='word_1_376' title='bbox 469 2820 730 2891; x_wconf 85' lang='lat' dir='ltr'><strong>supremusinucnit.</strong></span> <span class='ocrx_word' id='word_1_377' title='bbox 1009 2832 1086 2876; x_wconf 85' lang='lat' dir='ltr'><strong>susa</strong></span> <span class='ocrx_word' id='word_1_378' title='bbox 1100 2819 1178 2875; x_wconf 91' lang='lat' dir='ltr'><strong>nobis</strong></span> <span class='ocrx_word' id='word_1_379' title='bbox 1191 2827 1299 2875; x_wconf 88' lang='lat' dir='ltr'><strong>constat</strong></span> <span class='ocrx_word' id='word_1_380' title='bbox 1325 2833 1386 2876; x_wconf 87' lang='lat' dir='ltr'><strong>csso</strong></span> <span class='ocrx_word' id='word_1_381' title='bbox 1411 2820 1549 2886; x_wconf 84' lang='lat' dir='ltr'><strong>damnata,</strong></span> <span class='ocrx_word' id='word_1_382' title='bbox 1567 2821 1610 2876; x_wconf 82' lang='lat' dir='ltr'><strong>rel</strong></span> <span class='ocrx_word' id='word_1_383' title='bbox 1633 2835 1800 2891; x_wconf 71' lang='lat' dir='ltr'><strong>quascunque</strong></span> 
     </span>
     <span class='ocr_line' id='line_1_30' title="bbox 207 2909 1802 2983; baseline 0.003 -17"><span class='ocrx_word' id='word_1_384' title='bbox 207 2923 221 2950; x_wconf 81' lang='lat'><strong>¹</strong></span> <span class='ocrx_word' id='word_1_385' title='bbox 236 2910 303 2968; x_wconf 88' lang='lat' dir='ltr'><strong>item</strong></span> <span class='ocrx_word' id='word_1_386' title='bbox 317 2920 481 2967; x_wconf 89' lang='lat' dir='ltr'><strong>memoratus</strong></span> <span class='ocrx_word' id='word_1_387' title='bbox 493 2912 580 2966; x_wconf 75' lang='lat' dir='ltr'><strong>heatae</strong></span> <span class='ocrx_word' id='word_1_388' title='bbox 591 2909 784 2967; x_wconf 90' lang='lat' dir='ltr'><strong>reeordationis</strong></span> <span class='ocrx_word' id='word_1_389' title='bbox 799 2924 868 2981; x_wconf 81' lang='lat' dir='ltr'><strong>papa</strong></span> <span class='ocrx_word' id='word_1_390' title='bbox 882 2909 962 2966; x_wconf 84' lang='lat' dir='ltr'><strong>Gela·</strong></span> <span class='ocrx_word' id='word_1_391' title='bbox 1011 2911 1083 2967; x_wconf 85' lang='lat' dir='ltr'><strong>dicta</strong></span> <span class='ocrx_word' id='word_1_392' title='bbox 1096 2910 1240 2981; x_wconf 87' lang='lat' dir='ltr'><strong>cujuslibet</strong></span> <span class='ocrx_word' id='word_1_393' title='bbox 1262 2911 1321 2966; x_wconf 88' lang='lat' dir='ltr'><strong>sinc</strong></span> <span class='ocrx_word' id='word_1_394' title='bbox 1341 2911 1450 2968; x_wconf 89' lang='lat' dir='ltr'><strong>nomine</strong></span> <span class='ocrx_word' id='word_1_395' title='bbox 1463 2920 1624 2982; x_wconf 76' lang='lat' dir='ltr'><strong>praenotata,</strong></span> <span class='ocrx_word' id='word_1_396' title='bbox 1639 2912 1802 2983; x_wconf 86' lang='lat' dir='ltr'><strong>evangelicis</strong></span> 
     </span>
     <span class='ocr_line' id='line_1_31' title="bbox 172 2997 1854 3075; baseline 0 -17"><span class='ocrx_word' id='word_1_397' title='bbox 172 3002 230 3058; x_wconf 91' lang='lat' dir='ltr'><strong>sius</strong></span> <span class='ocrx_word' id='word_1_398' title='bbox 244 3003 270 3056; x_wconf 96' lang='lat' dir='ltr'><strong>in</strong></span> <span class='ocrx_word' id='word_1_399' title='bbox 285 2999 393 3070; x_wconf 80' lang='lat' dir='ltr'><strong>gestisb</strong></span> <span class='ocrx_word' id='word_1_400' title='bbox 408 2998 580 3070; x_wconf 78' lang='lat' dir='ltr'><strong>synodalibus</strong></span> <span class='ocrx_word' id='word_1_401' title='bbox 591 2997 626 3054; x_wconf 89' lang='lat' dir='ltr'><strong>de</strong></span> <span class='ocrx_word' id='word_1_402' title='bbox 648 2997 744 3054; x_wconf 87' lang='lat' dir='ltr'><strong>Niseni</strong></span> <span class='ocrx_word' id='word_1_403' title='bbox 768 2998 886 3068; x_wconf 89' lang='lat' dir='ltr'><strong>episcopi</strong></span> <span class='ocrx_word' id='word_1_404' title='bbox 909 2997 963 3053; x_wconf 86' lang='lat' dir='ltr'><strong>Cn·</strong></span> <span class='ocrx_word' id='word_1_405' title='bbox 1012 3009 1102 3057; x_wconf 85' lang='lat' dir='ltr'><strong>tamen</strong></span> <span class='ocrx_word' id='word_1_406' title='bbox 1113 3012 1141 3056; x_wconf 92' lang='lat' dir='ltr'><strong>et</strong></span> <span class='ocrx_word' id='word_1_407' title='bbox 1155 3001 1320 3072; x_wconf 85' lang='lat' dir='ltr'><strong>apostolicis,</strong></span> <span class='ocrx_word' id='word_1_408' title='bbox 1335 3016 1368 3057; x_wconf 91' lang='lat' dir='ltr'><strong>ac</strong></span> <span class='ocrx_word' id='word_1_409' title='bbox 1377 3011 1493 3072; x_wconf 85' lang='lat' dir='ltr'><strong>quatuor</strong></span> <span class='ocrx_word' id='word_1_410' title='bbox 1519 3003 1694 3075; x_wconf 85' lang='lat' dir='ltr'><strong>synodorum,</strong></span> <span class='ocrx_word' id='word_1_411' title='bbox 1715 3002 1803 3059; x_wconf 75' lang='lat' dir='ltr'><strong>Nicos-</strong></span> <span class='ocrx_word' id='word_1_412' title='bbox 1845 3007 1854 3022; x_wconf 73' lang='lat'><em>¹</em></span> 
     </span>
     <span class='ocr_line' id='line_1_32' title="bbox 173 3087 1803 3164; baseline 0.001 -16"><span class='ocrx_word' id='word_1_413' title='bbox 173 3091 248 3148; x_wconf 89' lang='lat' dir='ltr'><strong>mani</strong></span> <span class='ocrx_word' id='word_1_414' title='bbox 267 3089 440 3145; x_wconf 87' lang='lat' dir='ltr'><strong>absolutione</strong></span> <span class='ocrx_word' id='word_1_415' title='bbox 466 3087 605 3152; x_wconf 84' lang='lat' dir='ltr'><strong>coniectis,</strong></span> <span class='ocrx_word' id='word_1_416' title='bbox 628 3089 680 3144; x_wconf 89' lang='lat' dir='ltr'><strong>hoc</strong></span> <span class='ocrx_word' id='word_1_417' title='bbox 692 3088 831 3144; x_wconf 88' lang='lat' dir='ltr'><strong>evidenter</strong></span> <span class='ocrx_word' id='word_1_418' title='bbox 843 3088 960 3154; x_wconf 91' lang='lat' dir='ltr'><strong>edneoit,</strong></span> <span class='ocrx_word' id='word_1_419' title='bbox 989 3105 1066 3157; x_wconf 63' lang='lat' dir='ltr'><strong>,nas</strong></span> <span class='ocrx_word' id='word_1_420' title='bbox 1094 3089 1409 3162; x_wconf 61' lang='lat' dir='ltr'><strong>Constantinopolitanae,</strong></span> <span class='ocrx_word' id='word_1_421' title='bbox 1432 3090 1574 3163; x_wconf 73' lang='lat' dir='ltr'><strong>Ephesius</strong></span> <span class='ocrx_word' id='word_1_422' title='bbox 1596 3093 1700 3162; x_wconf 79' lang='lat' dir='ltr'><strong>primae,</strong></span> <span class='ocrx_word' id='word_1_423' title='bbox 1721 3101 1803 3164; x_wconf 84' lang='lat' dir='ltr'><strong>atquc</strong></span> 
     </span>
     <span class='ocr_line' id='line_1_33' title="bbox 175 3176 1802 3252; baseline 0.001 -15"><span class='ocrx_word' id='word_1_424' title='bbox 175 3181 269 3237; x_wconf 89' lang='lat' dir='ltr'><strong>diceus</strong></span> <span class='ocrx_word' id='word_1_425' title='bbox 281 3197 288 3234; x_wconf 75' lang='grc' dir='ltr'>ε</span> <span class='ocrx_word' id='word_1_426' title='bbox 302 3179 401 3234; x_wconf 84' lang='lat' dir='ltr'><strong>Totum</strong></span> <span class='ocrx_word' id='word_1_427' title='bbox 411 3178 484 3248; x_wconf 93' lang='lat' dir='ltr'><strong>quod</strong></span> <span class='ocrx_word' id='word_1_428' title='bbox 497 3193 578 3249; x_wconf 89' lang='lat' dir='ltr'><strong>supra</strong></span> <span class='ocrx_word' id='word_1_429' title='bbox 591 3176 725 3234; x_wconf 89' lang='lat' dir='ltr'><strong>laeultatis</strong></span> <span class='ocrx_word' id='word_1_430' title='bbox 748 3186 791 3234; x_wconf 88' lang='lat' dir='ltr'><strong>est</strong></span> <span class='ocrx_word' id='word_1_431' title='bbox 815 3178 962 3244; x_wconf 89' lang='lat' dir='ltr'><strong>modulum,</strong></span> <span class='ocrx_word' id='word_1_432' title='bbox 1013 3180 1249 3248; x_wconf 77' lang='lat' dir='ltr'><strong>Chalcedonensis,</strong></span> <span class='ocrx_word' id='word_1_433' title='bbox 1262 3189 1290 3236; x_wconf 89' lang='lat' dir='ltr'><strong>et</strong></span> <span class='ocrx_word' id='word_1_434' title='bbox 1303 3182 1458 3252; x_wconf 75' lang='lat' dir='ltr'><strong>apostolice</strong></span> <span class='ocrx_word' id='word_1_435' title='bbox 1472 3182 1544 3238; x_wconf 89' lang='lat' dir='ltr'><strong>sedis</strong></span> <span class='ocrx_word' id='word_1_436' title='bbox 1557 3197 1612 3238; x_wconf 90' lang='lat' dir='ltr'><strong>noo</strong></span> <span class='ocrx_word' id='word_1_437' title='bbox 1627 3182 1802 3251; x_wconf 88' lang='lat' dir='ltr'><strong>congruentia</strong></span> 
     </span>
     <span class='ocr_line' id='line_1_34' title="bbox 176 3268 1804 3343; baseline 0.002 -16"><span class='ocrx_word' id='word_1_438' title='bbox 176 3268 596 3339; x_wconf 86' lang='lat' dir='ltr'><strong>divinojudiciorelinquamus:</strong></span> <span class='ocrx_word' id='word_1_439' title='bbox 613 3284 666 3324; x_wconf 92' lang='lat' dir='ltr'><strong>non</strong></span> <span class='ocrx_word' id='word_1_440' title='bbox 680 3278 770 3325; x_wconf 87' lang='lat' dir='ltr'><strong>autem</strong></span> <span class='ocrx_word' id='word_1_441' title='bbox 785 3269 864 3325; x_wconf 89' lang='lat' dir='ltr'><strong>nohis</strong></span> <span class='ocrx_word' id='word_1_442' title='bbox 884 3276 963 3338; x_wconf 89' lang='lat' dir='ltr'><strong>pote·</strong></span> <span class='ocrx_word' id='word_1_443' title='bbox 1014 3288 1187 3343; x_wconf 76' lang='lat' dir='ltr'><strong>consonaque</strong></span> <span class='ocrx_word' id='word_1_444' title='bbox 1211 3273 1353 3342; x_wconf 89' lang='lat' dir='ltr'><strong>doctrinis,</strong></span> <span class='ocrx_word' id='word_1_445' title='bbox 1380 3288 1435 3329; x_wconf 91' lang='lat' dir='ltr'><strong>nou</strong></span> <span class='ocrx_word' id='word_1_446' title='bbox 1458 3274 1546 3329; x_wconf 90' lang='lat' dir='ltr'><strong>solum</strong></span> <span class='ocrx_word' id='word_1_447' title='bbox 1570 3288 1660 3339; x_wconf 90' lang='lat' dir='ltr'><strong>sensu,</strong></span> <span class='ocrx_word' id='word_1_448' title='bbox 1685 3272 1734 3330; x_wconf 88' lang='lat' dir='ltr'><strong>scd</strong></span> <span class='ocrx_word' id='word_1_449' title='bbox 1760 3273 1804 3330; x_wconf 86' lang='lat' dir='ltr'><strong>vei</strong></span> 
     </span>
     <span class='ocr_line' id='line_1_35' title="bbox 174 3356 1485 3434; baseline 0.001 -21"><span class='ocrx_word' id='word_1_450' title='bbox 174 3367 241 3416; x_wconf 87' lang='lat' dir='ltr'><strong>runt</strong></span> <span class='ocrx_word' id='word_1_451' title='bbox 249 3360 391 3430; x_wconf 88' lang='lat' dir='ltr'><strong>imputare,</strong></span> <span class='ocrx_word' id='word_1_452' title='bbox 407 3372 455 3413; x_wconf 89' lang='lat' dir='ltr'><strong>our</strong></span> <span class='ocrx_word' id='word_1_453' title='bbox 465 3357 692 3428; x_wconf 74' lang='lat' dir='ltr'><strong>prevaricationis</strong></span> <span class='ocrx_word' id='word_1_454' title='bbox 703 3357 831 3413; x_wconf 87' lang='lat' dir='ltr'><strong>ollensam</strong></span> <span class='ocrx_word' id='word_1_455' title='bbox 852 3356 966 3412; x_wconf 89' lang='lat' dir='ltr'><strong>viventi·</strong></span> <span class='ocrx_word' id='word_1_456' title='bbox 1014 3363 1095 3419; x_wconf 75' lang='lat' dir='ltr'><strong>oriam</strong></span> <span class='ocrx_word' id='word_1_457' title='bbox 1109 3378 1174 3419; x_wconf 80' lang='lat' dir='ltr'><strong>aure</strong></span> <span class='ocrx_word' id='word_1_458' title='bbox 1187 3363 1320 3434; x_wconf 80' lang='lat' dir='ltr'><strong>patiamur</strong></span> <span class='ocrx_word' id='word_1_459' title='bbox 1334 3362 1485 3419; x_wconf 82' lang='lat' dir='ltr'><strong>admittere.</strong></span> 
     </span>
     <span class='ocr_line' id='line_1_36' title="bbox 175 3448 1805 3523; baseline 0 -14"><span class='ocrx_word' id='word_1_460' title='bbox 175 3453 228 3510; x_wconf 90' lang='lat' dir='ltr'><strong>hus</strong></span> <span class='ocrx_word' id='word_1_461' title='bbox 240 3451 424 3516; x_wconf 84' lang='lat' dir='ltr'><strong>remittamus;</strong></span> <span class='ocrx_word' id='word_1_462' title='bbox 439 3449 510 3520; x_wconf 90' lang='lat' dir='ltr'><strong>quod</strong></span> <span class='ocrx_word' id='word_1_463' title='bbox 522 3448 657 3516; x_wconf 70' lang='lat' dir='ltr'><strong>Ecclesia,</strong></span> <span class='ocrx_word' id='word_1_464' title='bbox 670 3448 728 3505; x_wconf 83' lang='lat' dir='ltr'><strong>ileo</strong></span> <span class='ocrx_word' id='word_1_465' title='bbox 742 3448 881 3517; x_wconf 81' lang='lat' dir='ltr'><strong>largiente,</strong></span> <span class='ocrx_word' id='word_1_466' title='bbox 900 3462 965 3518; x_wconf 87' lang='lat' dir='ltr'><strong>pos·</strong></span> <span class='ocrx_word' id='word_1_467' title='bbox 1052 3453 1091 3510; x_wconf 82' lang='lat' dir='ltr'><strong>lie</strong></span> <span class='ocrx_word' id='word_1_468' title='bbox 1101 3454 1211 3523; x_wconf 87' lang='lat' dir='ltr'><strong>seriptis</strong></span> <span class='ocrx_word' id='word_1_469' title='bbox 1221 3469 1287 3509; x_wconf 89' lang='lat' dir='ltr'><strong>vero</strong></span> <span class='ocrx_word' id='word_1_470' title='bbox 1297 3468 1357 3523; x_wconf 81' lang='lat' dir='ltr'><strong>quae</strong></span> <span class='ocrx_word' id='word_1_471' title='bbox 1371 3453 1421 3509; x_wconf 92' lang='lat' dir='ltr'><strong>sub</strong></span> <span class='ocrx_word' id='word_1_472' title='bbox 1434 3453 1484 3508; x_wconf 82' lang='lat' dir='ltr'><strong>riri</strong></span> <span class='ocrx_word' id='word_1_473' title='bbox 1495 3454 1655 3510; x_wconf 88' lang='lat' dir='ltr'><strong>venerabilis</strong></span> <span class='ocrx_word' id='word_1_474' title='bbox 1680 3453 1805 3509; x_wconf 83' lang='lat' dir='ltr'><strong>Theodo-</strong></span> 
     </span>
     <span class='ocr_line' id='line_1_37' title="bbox 176 3535 1807 3614; baseline -0.001 -14"><span class='ocrx_word' id='word_1_475' title='bbox 176 3542 255 3600; x_wconf 87' lang='lat' dir='ltr'><strong>sihile</strong></span> <span class='ocrx_word' id='word_1_476' title='bbox 270 3548 333 3600; x_wconf 89' lang='lat' dir='ltr'><strong>cst:</strong></span> <span class='ocrx_word' id='word_1_477' title='bbox 351 3556 402 3595; x_wconf 91' lang='lat' dir='ltr'><strong>nce</strong></span> <span class='ocrx_word' id='word_1_478' title='bbox 415 3541 527 3609; x_wconf 78' lang='lat' dir='ltr'><strong>ousiam</strong></span> <span class='ocrx_word' id='word_1_479' title='bbox 541 3540 655 3595; x_wconf 86' lang='lat' dir='ltr'><strong>mortuis</strong></span> <span class='ocrx_word' id='word_1_480' title='bbox 666 3539 772 3593; x_wconf 87' lang='lat' dir='ltr'><strong>veniam</strong></span> <span class='ocrx_word' id='word_1_481' title='bbox 782 3545 910 3608; x_wconf 65' lang='lat' dir='ltr'><strong>praestare</strong></span> <span class='ocrx_word' id='word_1_482' title='bbox 919 3535 967 3592; x_wconf 79' lang='lat' dir='ltr'><strong>de·</strong></span> <span class='ocrx_word' id='word_1_483' title='bbox 1019 3545 1071 3602; x_wconf 89' lang='lat' dir='ltr'><strong>reti</strong></span> <span class='ocrx_word' id='word_1_484' title='bbox 1081 3544 1217 3614; x_wconf 90' lang='lat' dir='ltr'><strong>quondam</strong></span> <span class='ocrx_word' id='word_1_485' title='bbox 1230 3542 1350 3614; x_wconf 87' lang='lat' dir='ltr'><strong>episcopi</strong></span> <span class='ocrx_word' id='word_1_486' title='bbox 1363 3543 1472 3598; x_wconf 88' lang='lat' dir='ltr'><strong>nomine</strong></span> <span class='ocrx_word' id='word_1_487' title='bbox 1485 3542 1667 3612; x_wconf 84' lang='lat' dir='ltr'><strong>proteruntur,</strong></span> <span class='ocrx_word' id='word_1_488' title='bbox 1677 3542 1807 3598; x_wconf 89' lang='lat' dir='ltr'><strong>miramur</strong></span> 
     </span>
     <span class='ocr_line' id='line_1_38' title="bbox 176 3624 1803 3706; baseline -0.008 -7"><span class='ocrx_word' id='word_1_489' title='bbox 176 3638 292 3706; x_wconf 70' lang='lat' dir='ltr'><strong>t&gt;⁰t0²¹¹i</strong></span> <span class='ocrx_word' id='word_1_490' title='bbox 305 3649 312 3684; x_wconf 76' lang='lat'>²</span> <span class='ocrx_word' id='word_1_491' title='bbox 327 3629 399 3699; x_wconf 72' lang='lat' dir='ltr'><strong>il1¹⁰t¹</strong></span> <span class='ocrx_word' id='word_1_492' title='bbox 413 3629 491 3684; x_wconf 65' lang='lat' dir='ltr'><strong>¹¹⁰¹)ss</strong></span> <span class='ocrx_word' id='word_1_493' title='bbox 514 3643 568 3683; x_wconf 76' lang='lat'>⁰⁰¹¹</span> <span class='ocrx_word' id='word_1_494' title='bbox 583 3642 643 3684; x_wconf 71' lang='lat'><strong>0⁸⁸0</strong></span> <span class='ocrx_word' id='word_1_495' title='bbox 657 3626 784 3698; x_wconf 62' lang='lat' dir='ltr'><strong>Nisibilss</strong></span> <span class='ocrx_word' id='word_1_496' title='bbox 798 3624 965 3681; x_wconf 77' lang='lat' dir='ltr'><strong>manifestum</strong></span> <span class='ocrx_word' id='word_1_497' title='bbox 1018 3635 1145 3705; x_wconf 82' lang='lat' dir='ltr'><strong>primunr,</strong></span> <span class='ocrx_word' id='word_1_498' title='bbox 1157 3647 1206 3688; x_wconf 91' lang='lat' dir='ltr'><strong>cur</strong></span> <span class='ocrx_word' id='word_1_499' title='bbox 1220 3646 1332 3689; x_wconf 83' lang='lat' dir='ltr'><strong>neccsse</strong></span> <span class='ocrx_word' id='word_1_500' title='bbox 1344 3632 1380 3688; x_wconf 90' lang='lat' dir='ltr'><strong>sit</strong></span> <span class='ocrx_word' id='word_1_501' title='bbox 1392 3631 1451 3703; x_wconf 87' lang='lat' dir='ltr'><strong>ejus</strong></span> <span class='ocrx_word' id='word_1_502' title='bbox 1475 3631 1621 3687; x_wconf 89' lang='lat' dir='ltr'><strong>sacerdotis</strong></span> <span class='ocrx_word' id='word_1_503' title='bbox 1644 3625 1753 3688; x_wconf 86' lang='lat' dir='ltr'><strong>nomiae</strong></span> <span class='ocrx_word' id='word_1_504' title='bbox 1776 3633 1803 3687; x_wconf 92' lang='lat' dir='ltr'><strong>in</strong></span> 
     </span>
     <span class='ocr_line' id='line_1_39' title="bbox 178 3715 1806 3792; baseline -0.008 -3"><span class='ocrx_word' id='word_1_505' title='bbox 178 3731 236 3789; x_wconf 67' lang='lat' dir='ltr'><strong>ese</strong></span> <span class='ocrx_word' id='word_1_506' title='bbox 250 3722 312 3790; x_wconf 82' lang='lat' dir='ltr'><strong>quia</strong></span> <span class='ocrx_word' id='word_1_507' title='bbox 326 3736 388 3776; x_wconf 85' lang='lat' dir='ltr'><strong>eun</strong></span> <span class='ocrx_word' id='word_1_508' title='bbox 398 3719 500 3774; x_wconf 80' lang='lat' dir='ltr'><strong>dictum</strong></span> <span class='ocrx_word' id='word_1_509' title='bbox 511 3719 565 3773; x_wconf 81' lang='lat' dir='ltr'><strong>sir:</strong></span> <span class='ocrx_word' id='word_1_510' title='bbox 582 3715 647 3783; x_wconf 78' lang='lat' dir='ltr'><strong>iltoe</strong></span> <span class='ocrx_word' id='word_1_511' title='bbox 657 3716 795 3790; x_wconf 66' lang='lat' dir='ltr'><strong>ligaveritis</strong></span> <span class='ocrx_word' id='word_1_512' title='bbox 805 3724 830 3771; x_wconf 81' lang='lat' dir='ltr'><strong>et</strong></span> <span class='ocrx_word' id='word_1_513' title='bbox 843 3715 968 3770; x_wconf 73' lang='lat' dir='ltr'><strong>insnum</strong></span> <span class='ocrx_word' id='word_1_514' title='bbox 1017 3722 1240 3779; x_wconf 73' lang='lat' dir='ltr'><strong>oouoeutionem</strong></span> <span class='ocrx_word' id='word_1_515' title='bbox 1254 3719 1399 3792; x_wconf 82' lang='lat' dir='ltr'><strong>quidquam</strong></span> <span class='ocrx_word' id='word_1_516' title='bbox 1409 3720 1551 3790; x_wconf 75' lang='lat' dir='ltr'><strong>cuiuslibet</strong></span> <span class='ocrx_word' id='word_1_517' title='bbox 1564 3718 1652 3776; x_wconf 79' lang='lat' dir='ltr'><strong>stada</strong></span> <span class='ocrx_word' id='word_1_518' title='bbox 1663 3719 1806 3776; x_wconf 64' lang='lat' dir='ltr'><strong>domari:</strong></span> 
     </span>
     <span class='ocr_line' id='line_1_40' title="bbox 180 3807 1807 3885; baseline -0.002 -15"><span class='ocrx_word' id='word_1_519' title='bbox 180 3831 259 3885; x_wconf 81' lang='lat' dir='ltr'><strong>super</strong></span> <span class='ocrx_word' id='word_1_520' title='bbox 274 3821 381 3877; x_wconf 68' lang='lat' dir='ltr'><strong>terrum</strong></span> <span class='ocrx_word' id='word_1_521' title='bbox 394 3811 456 3879; x_wconf 91' lang='lat' dir='ltr'><strong>hos,</strong></span> <span class='ocrx_word' id='word_1_522' title='bbox 470 3825 538 3879; x_wconf 87' lang='lat' dir='ltr'><strong>quos</strong></span> <span class='ocrx_word' id='word_1_523' title='bbox 551 3824 631 3881; x_wconf 86' lang='lat' dir='ltr'><strong>snper</strong></span> <span class='ocrx_word' id='word_1_524' title='bbox 644 3815 743 3863; x_wconf 84' lang='lat' dir='ltr'><strong>terram</strong></span> <span class='ocrx_word' id='word_1_525' title='bbox 755 3807 811 3876; x_wconf 79' lang='lat' dir='ltr'><strong>ium</strong></span> <span class='ocrx_word' id='word_1_526' title='bbox 834 3822 887 3863; x_wconf 92' lang='lat' dir='ltr'><strong>nou</strong></span> <span class='ocrx_word' id='word_1_527' title='bbox 911 3820 970 3862; x_wconf 85' lang='lat' dir='ltr'><strong>esse</strong></span> <span class='ocrx_word' id='word_1_528' title='bbox 1018 3811 1065 3883; x_wconf 91' lang='lat' dir='ltr'><strong>qui</strong></span> <span class='ocrx_word' id='word_1_529' title='bbox 1079 3818 1141 3865; x_wconf 89' lang='lat' dir='ltr'><strong>ante</strong></span> <span class='ocrx_word' id='word_1_530' title='bbox 1154 3815 1262 3865; x_wconf 89' lang='lat' dir='ltr'><strong>eentum</strong></span> <span class='ocrx_word' id='word_1_531' title='bbox 1271 3816 1300 3864; x_wconf 88' lang='lat' dir='ltr'><strong>et</strong></span> <span class='ocrx_word' id='word_1_532' title='bbox 1311 3809 1518 3881; x_wconf 88' lang='lat' dir='ltr'><strong>ampliusaunos</strong></span> <span class='ocrx_word' id='word_1_533' title='bbox 1530 3809 1557 3864; x_wconf 91' lang='lat' dir='ltr'><strong>io</strong></span> <span class='ocrx_word' id='word_1_534' title='bbox 1570 3817 1671 3865; x_wconf 69' lang='lat' dir='ltr'><strong>sanetae</strong></span> <span class='ocrx_word' id='word_1_535' title='bbox 1683 3824 1715 3865; x_wconf 90' lang='lat' dir='ltr'><strong>ac</strong></span> <span class='ocrx_word' id='word_1_536' title='bbox 1724 3823 1807 3867; x_wconf 81' lang='lat' dir='ltr'><strong>neoc·</strong></span> 
     </span>
     <span class='ocr_line' id='line_1_41' title="bbox 179 3897 1809 3971; baseline -0.005 -6"><span class='ocrx_word' id='word_1_537' title='bbox 179 3911 299 3965; x_wconf 63' lang='lat' dir='ltr'><strong>constal.</strong></span> <span class='ocrx_word' id='word_1_538' title='bbox 316 3916 372 3956; x_wconf 77' lang='lat'>¹10⁰</span> <span class='ocrx_word' id='word_1_539' title='bbox 384 3900 570 3969; x_wconf 79' lang='lat' dir='ltr'><strong>humano,sed</strong></span> <span class='ocrx_word' id='word_1_540' title='bbox 581 3913 630 3954; x_wconf 91' lang='lat' dir='ltr'><strong>suo</strong></span> <span class='ocrx_word' id='word_1_541' title='bbox 645 3898 715 3954; x_wconf 83' lang='lat' dir='ltr'><strong>Deus</strong></span> <span class='ocrx_word' id='word_1_542' title='bbox 723 3897 825 3966; x_wconf 81' lang='lat' dir='ltr'><strong>judicio</strong></span> <span class='ocrx_word' id='word_1_543' title='bbox 849 3911 970 3951; x_wconf 76' lang='lat' dir='ltr'><strong>reserva·</strong></span> <span class='ocrx_word' id='word_1_544' title='bbox 1019 3902 1110 3959; x_wconf 77' lang='lat' dir='ltr'><strong>rendae</strong></span> <span class='ocrx_word' id='word_1_545' title='bbox 1122 3899 1351 3956; x_wconf 74' lang='lat' dir='ltr'><strong>Chalcedonensis</strong></span> <span class='ocrx_word' id='word_1_546' title='bbox 1364 3900 1459 3971; x_wconf 77' lang='lat' dir='ltr'><strong>synodi</strong></span> <span class='ocrx_word' id='word_1_547' title='bbox 1470 3899 1572 3970; x_wconf 81' lang='lat' dir='ltr'><strong>judicio</strong></span> <span class='ocrx_word' id='word_1_548' title='bbox 1582 3900 1809 3958; x_wconf 83' lang='lat' dir='ltr'><strong>comtitotussiuc</strong></span> 
     </span>
     <span class='ocr_line' id='line_1_42' title="bbox 180 3985 1809 4062; baseline -0.001 -16"><span class='ocrx_word' id='word_1_549' title='bbox 180 3991 240 4046; x_wconf 85' lang='lat' dir='ltr'><strong>vit:</strong></span> <span class='ocrx_word' id='word_1_550' title='bbox 254 4005 305 4046; x_wconf 88' lang='lat' dir='ltr'><strong>uec</strong></span> <span class='ocrx_word' id='word_1_551' title='bbox 319 3987 530 4044; x_wconf 75' lang='lat' dir='ltr'><strong>audetllcclcsia</strong></span> <span class='ocrx_word' id='word_1_552' title='bbox 545 3988 652 4043; x_wconf 90' lang='lat' dir='ltr'><strong>sibimet</strong></span> <span class='ocrx_word' id='word_1_553' title='bbox 665 3987 811 4052; x_wconf 86' lang='lat' dir='ltr'><strong>vindicare,</strong></span> <span class='ocrx_word' id='word_1_554' title='bbox 823 3986 894 4057; x_wconf 93' lang='lat' dir='ltr'><strong>quod</strong></span> <span class='ocrx_word' id='word_1_555' title='bbox 907 3985 972 4056; x_wconf 88' lang='lat' dir='ltr'><strong>ipsis</strong></span> <span class='ocrx_word' id='word_1_556' title='bbox 1020 3993 1109 4061; x_wconf 69' lang='lat' dir='ltr'><strong>otique</strong></span> <span class='ocrx_word' id='word_1_557' title='bbox 1131 3989 1303 4046; x_wconf 77' lang='lat' dir='ltr'><strong>cunctatione</strong></span> <span class='ocrx_word' id='word_1_558' title='bbox 1325 3989 1491 4061; x_wconf 80' lang='lat' dir='ltr'><strong>subscripsit,</strong></span> <span class='ocrx_word' id='word_1_559' title='bbox 1517 3997 1546 4046; x_wconf 87' lang='lat' dir='ltr'><strong>et</strong></span> <span class='ocrx_word' id='word_1_560' title='bbox 1567 3990 1715 4046; x_wconf 84' lang='lat' dir='ltr'><strong>beatissimi</strong></span> <span class='ocrx_word' id='word_1_561' title='bbox 1733 4005 1809 4062; x_wconf 82' lang='lat' dir='ltr'><strong>papas</strong></span> 
     </span>
     <span class='ocr_line' id='line_1_43' title="bbox 182 4075 1810 4154; baseline 0 -13"><span class='ocrx_word' id='word_1_562' title='bbox 182 4078 461 4154; x_wconf 73' lang='lat' dir='ltr'><strong>apostolisconspieit</strong></span> <span class='ocrx_word' id='word_1_563' title='bbox 475 4076 621 4134; x_wconf 87' lang='lat' dir='ltr'><strong>nonloissc</strong></span> <span class='ocrx_word' id='word_1_564' title='bbox 634 4092 811 4143; x_wconf 60' lang='lat' dir='ltr'><strong>consitium:</strong></span> <span class='ocrx_word' id='word_1_565' title='bbox 834 4075 898 4146; x_wconf 63' lang='lat' dir='ltr'><strong>(litii</strong></span> <span class='ocrx_word' id='word_1_566' title='bbox 920 4075 972 4130; x_wconf 67' lang='lat' dir='ltr'><strong>ilii</strong></span> <span class='ocrx_word' id='word_1_567' title='bbox 1020 4084 1119 4140; x_wconf 80' lang='lat' dir='ltr'><strong>Leonis</strong></span> <span class='ocrx_word' id='word_1_568' title='bbox 1132 4082 1346 4153; x_wconf 90' lang='lat' dir='ltr'><strong>epistolisprooa</strong></span> <span class='ocrx_word' id='word_1_569' title='bbox 1368 4081 1512 4138; x_wconf 86' lang='lat' dir='ltr'><strong>devotione</strong></span> <span class='ocrx_word' id='word_1_570' title='bbox 1536 4084 1683 4139; x_wconf 88' lang='lat' dir='ltr'><strong>consensit.</strong></span> <span class='ocrx_word' id='word_1_571' title='bbox 1708 4082 1810 4142; x_wconf 82' lang='lat' dir='ltr'><strong>Dehinc</strong></span> 
     </span>
     <span class='ocr_line' id='line_1_44' title="bbox 183 4165 1809 4246; baseline -0.001 -17"><span class='ocrx_word' id='word_1_572' title='bbox 183 4181 318 4229; x_wconf 70' lang='lat' dir='ltr'><strong>oetcama</strong></span> <span class='ocrx_word' id='word_1_573' title='bbox 332 4170 517 4242; x_wconf 88' lang='lat' dir='ltr'><strong>superstitum,</strong></span> <span class='ocrx_word' id='word_1_574' title='bbox 528 4170 580 4225; x_wconf 87' lang='lat' dir='ltr'><strong>alia</strong></span> <span class='ocrx_word' id='word_1_575' title='bbox 601 4168 796 4225; x_wconf 81' lang='lat' dir='ltr'><strong>detunctorum.</strong></span> <span class='ocrx_word' id='word_1_576' title='bbox 825 4165 901 4224; x_wconf 88' lang='lat' dir='ltr'><strong>liano</strong></span> <span class='ocrx_word' id='word_1_577' title='bbox 922 4181 972 4224; x_wconf 85' lang='lat' dir='ltr'><strong>au·</strong></span> <span class='ocrx_word' id='word_1_578' title='bbox 1021 4192 1082 4233; x_wconf 76' lang='lat' dir='ltr'><strong>onor</strong></span> <span class='ocrx_word' id='word_1_579' title='bbox 1096 4176 1244 4232; x_wconf 72' lang='lat' dir='ltr'><strong>existerent</strong></span> <span class='ocrx_word' id='word_1_580' title='bbox 1258 4183 1323 4230; x_wconf 87' lang='lat' dir='ltr'><strong>tuno</strong></span> <span class='ocrx_word' id='word_1_581' title='bbox 1346 4174 1490 4230; x_wconf 81' lang='lat' dir='ltr'><strong>Dioscorus</strong></span> <span class='ocrx_word' id='word_1_582' title='bbox 1503 4173 1662 4245; x_wconf 81' lang='lat' dir='ltr'><strong>etAEgyptii</strong></span> <span class='ocrx_word' id='word_1_583' title='bbox 1681 4175 1809 4246; x_wconf 89' lang='lat' dir='ltr'><strong>episcopi,</strong></span> 
     </span>
     <span class='ocr_line' id='line_1_45' title="bbox 183 4258 1810 4337; baseline 0.001 -17"><span class='ocrx_word' id='word_1_584' title='bbox 183 4272 241 4321; x_wconf 87' lang='lat' dir='ltr'><strong>tem</strong></span> <span class='ocrx_word' id='word_1_585' title='bbox 254 4264 376 4334; x_wconf 86' lang='lat' dir='ltr'><strong>regulam</strong></span> <span class='ocrx_word' id='word_1_586' title='bbox 388 4271 417 4318; x_wconf 90' lang='lat' dir='ltr'><strong>et</strong></span> <span class='ocrx_word' id='word_1_587' title='bbox 430 4263 457 4317; x_wconf 96' lang='lat' dir='ltr'><strong>in</strong></span> <span class='ocrx_word' id='word_1_588' title='bbox 476 4270 630 4318; x_wconf 87' lang='lat' dir='ltr'><strong>sanctorum</strong></span> <span class='ocrx_word' id='word_1_589' title='bbox 651 4260 763 4317; x_wconf 84' lang='lat' dir='ltr'><strong>loannis</strong></span> <span class='ocrx_word' id='word_1_590' title='bbox 784 4258 975 4316; x_wconf 85' lang='lat' dir='ltr'><strong>Constantino·</strong></span> <span class='ocrx_word' id='word_1_591' title='bbox 1022 4267 1068 4337; x_wconf 78' lang='lat' dir='ltr'><strong>qoi</strong></span> <span class='ocrx_word' id='word_1_592' title='bbox 1081 4281 1143 4322; x_wconf 80' lang='lat' dir='ltr'><strong>eom</strong></span> <span class='ocrx_word' id='word_1_593' title='bbox 1156 4264 1277 4321; x_wconf 85' lang='lat' dir='ltr'><strong>dicerent</strong></span> <span class='ocrx_word' id='word_1_594' title='bbox 1287 4273 1409 4320; x_wconf 89' lang='lat' dir='ltr'><strong>sanetum</strong></span> <span class='ocrx_word' id='word_1_595' title='bbox 1421 4264 1548 4337; x_wconf 80' lang='lat' dir='ltr'><strong>Cyrillum</strong></span> <span class='ocrx_word' id='word_1_596' title='bbox 1559 4265 1810 4332; x_wconf 85' lang='lat' dir='ltr'><strong>anathematizasse,</strong></span> 
     </span>
     <span class='ocr_line' id='line_1_46' title="bbox 185 4354 1813 4432; baseline -0.009 -18"><span class='ocrx_word' id='word_1_597' title='bbox 185 4358 299 4432; x_wconf 86' lang='lat' dir='ltr'><strong>politani</strong></span> <span class='ocrx_word' id='word_1_598' title='bbox 312 4356 441 4428; x_wconf 88' lang='lat' dir='ltr'><strong>episcopi,</strong></span> <span class='ocrx_word' id='word_1_599' title='bbox 453 4371 532 4425; x_wconf 87' lang='lat' dir='ltr'><strong>quem</strong></span> <span class='ocrx_word' id='word_1_600' title='bbox 545 4354 764 4426; x_wconf 71' lang='lat' dir='ltr'><strong>chrysostomum</strong></span> <span class='ocrx_word' id='word_1_601' title='bbox 774 4359 883 4418; x_wconf 89' lang='lat' dir='ltr'><strong>vocant,</strong></span> <span class='ocrx_word' id='word_1_602' title='bbox 893 4359 974 4421; x_wconf 90' lang='lat' dir='ltr'><strong>atque</strong></span> <span class='ocrx_word' id='word_1_603' title='bbox 1002 4422 1003 4426; x_wconf 6' lang='grc' dir='ltr'><strong>Ἰ</strong></span> <span class='ocrx_word' id='word_1_604' title='bbox 1023 4366 1052 4413; x_wconf 80' lang='lat' dir='ltr'><strong>or</strong></span> <span class='ocrx_word' id='word_1_605' title='bbox 1064 4356 1187 4413; x_wconf 72' lang='lat' dir='ltr'><strong>eumdem</strong></span> <span class='ocrx_word' id='word_1_606' title='bbox 1201 4355 1402 4412; x_wconf 75' lang='lat' dir='ltr'><strong>Theodorotnro</strong></span> <span class='ocrx_word' id='word_1_607' title='bbox 1422 4355 1503 4411; x_wconf 76' lang='lat' dir='ltr'><strong>oriam</strong></span> <span class='ocrx_word' id='word_1_608' title='bbox 1516 4356 1671 4412; x_wconf 60' lang='lat' dir='ltr'><strong>haesitem</strong></span> <span class='ocrx_word' id='word_1_609' title='bbox 1686 4370 1756 4427; x_wconf 62' lang='lat' dir='ltr'><strong>osso,</strong></span> <span class='ocrx_word' id='word_1_610' title='bbox 1772 4364 1813 4412; x_wconf 70' lang='lat' dir='ltr'><strong>ro.</strong></span> 
     </span>
     <span class='ocr_line' id='line_1_47' title="bbox 184 4442 1813 4542; baseline -0.001 -37"><span class='ocrx_word' id='word_1_611' title='bbox 184 4449 307 4506; x_wconf 69' lang='lat' dir='ltr'><strong>flaviani</strong></span> <span class='ocrx_word' id='word_1_612' title='bbox 328 4447 404 4518; x_wconf 79' lang='lat' dir='ltr'><strong>ciusd</strong></span> <span class='ocrx_word' id='word_1_613' title='bbox 420 4463 447 4503; x_wconf 85' lang='lat' dir='ltr'><strong>nr</strong></span> <span class='ocrx_word' id='word_1_614' title='bbox 461 4447 578 4503; x_wconf 89' lang='lat' dir='ltr'><strong>civitatis</strong></span> <span class='ocrx_word' id='word_1_615' title='bbox 590 4445 719 4517; x_wconf 85' lang='lat' dir='ltr'><strong>episcopi,</strong></span> <span class='ocrx_word' id='word_1_616' title='bbox 735 4442 887 4499; x_wconf 88' lang='lat' dir='ltr'><strong>veneranda</strong></span> <span class='ocrx_word' id='word_1_617' title='bbox 915 4456 973 4497; x_wconf 91' lang='lat' dir='ltr'><strong>me·</strong></span> <span class='ocrx_word' id='word_1_618' title='bbox 990 4462 1086 4542; x_wconf 75' lang='lat' dir='ltr'><strong>⁰rouen</strong></span> <span class='ocrx_word' id='word_1_619' title='bbox 1110 4446 1194 4502; x_wconf 90' lang='lat' dir='ltr'><strong>sancti</strong></span> <span class='ocrx_word' id='word_1_620' title='bbox 1220 4444 1312 4500; x_wconf 85' lang='lat' dir='ltr'><strong>Patres</strong></span> <span class='ocrx_word' id='word_1_621' title='bbox 1326 4445 1410 4500; x_wconf 91' lang='lat' dir='ltr'><strong>nostri</strong></span> <span class='ocrx_word' id='word_1_622' title='bbox 1421 4445 1480 4500; x_wconf 83' lang='lat' dir='ltr'><strong>haec</strong></span> <span class='ocrx_word' id='word_1_623' title='bbox 1492 4445 1641 4513; x_wconf 85' lang='lat' dir='ltr'><strong>audientes,</strong></span> <span class='ocrx_word' id='word_1_624' title='bbox 1665 4446 1813 4515; x_wconf 87' lang='lat' dir='ltr'><strong>diligentis·</strong></span> 
     </span>
     <span class='ocr_line' id='line_1_48' title="bbox 184 4534 1814 4607; baseline 0.001 -14"><span class='ocrx_word' id='word_1_625' title='bbox 184 4541 272 4597; x_wconf 87' lang='lat' dir='ltr'><strong>moria</strong></span> <span class='ocrx_word' id='word_1_626' title='bbox 281 4547 388 4595; x_wconf 83' lang='lat' dir='ltr'><strong>constat</strong></span> <span class='ocrx_word' id='word_1_627' title='bbox 402 4537 672 4607; x_wconf 86' lang='lat' dir='ltr'><strong>esseservatam,qai</strong></span> <span class='ocrx_word' id='word_1_628' title='bbox 695 4536 758 4592; x_wconf 88' lang='lat' dir='ltr'><strong>licct</strong></span> <span class='ocrx_word' id='word_1_629' title='bbox 770 4535 902 4590; x_wconf 79' lang='lat' dir='ltr'><strong>violenter</strong></span> <span class='ocrx_word' id='word_1_630' title='bbox 927 4548 976 4589; x_wconf 80' lang='lat' dir='ltr'><strong>ett-</strong></span> <span class='ocrx_word' id='word_1_631' title='bbox 1028 4539 1095 4594; x_wconf 83' lang='lat' dir='ltr'><strong>sinte</strong></span> <span class='ocrx_word' id='word_1_632' title='bbox 1109 4537 1206 4592; x_wconf 88' lang='lat' dir='ltr'><strong>codem</strong></span> <span class='ocrx_word' id='word_1_633' title='bbox 1230 4534 1400 4591; x_wconf 82' lang='lat' dir='ltr'><strong>Theodoreto</strong></span> <span class='ocrx_word' id='word_1_634' title='bbox 1422 4535 1536 4607; x_wconf 90' lang='lat' dir='ltr'><strong>posthac</strong></span> <span class='ocrx_word' id='word_1_635' title='bbox 1549 4537 1746 4594; x_wconf 82' lang='lat' dir='ltr'><strong>examinatione</strong></span> <span class='ocrx_word' id='word_1_636' title='bbox 1759 4538 1814 4594; x_wconf 90' lang='lat' dir='ltr'><strong>dis·</strong></span> 
     </span>
     <span class='ocr_line' id='line_1_49' title="bbox 183 4622 1813 4697; baseline -0.002 -11"><span class='ocrx_word' id='word_1_637' title='bbox 183 4629 253 4686; x_wconf 82' lang='lat' dir='ltr'><strong>clusi</strong></span> <span class='ocrx_word' id='word_1_638' title='bbox 267 4636 341 4696; x_wconf 90' lang='lat' dir='ltr'><strong>sunt,</strong></span> <span class='ocrx_word' id='word_1_639' title='bbox 361 4644 415 4683; x_wconf 93' lang='lat' dir='ltr'><strong>non</strong></span> <span class='ocrx_word' id='word_1_640' title='bbox 429 4635 517 4682; x_wconf 91' lang='lat' dir='ltr'><strong>tamen</strong></span> <span class='ocrx_word' id='word_1_641' title='bbox 533 4642 582 4697; x_wconf 92' lang='lat' dir='ltr'><strong>pro</strong></span> <span class='ocrx_word' id='word_1_642' title='bbox 596 4624 729 4681; x_wconf 88' lang='lat' dir='ltr'><strong>damnatis</strong></span> <span class='ocrx_word' id='word_1_643' title='bbox 741 4631 804 4679; x_wconf 86' lang='lat' dir='ltr'><strong>suat</strong></span> <span class='ocrx_word' id='word_1_644' title='bbox 827 4622 919 4688; x_wconf 91' lang='lat' dir='ltr'><strong>habiti,</strong></span> <span class='ocrx_word' id='word_1_645' title='bbox 941 4637 976 4677; x_wconf 87' lang='lat' dir='ltr'><strong>co</strong></span> <span class='ocrx_word' id='word_1_646' title='bbox 1027 4644 1116 4694; x_wconf 78' lang='lat' dir='ltr'><strong>cosso,</strong></span> <span class='ocrx_word' id='word_1_647' title='bbox 1137 4635 1165 4682; x_wconf 88' lang='lat' dir='ltr'><strong>et</strong></span> <span class='ocrx_word' id='word_1_648' title='bbox 1190 4634 1322 4697; x_wconf 74' lang='lat' dir='ltr'><strong>praesente</strong></span> <span class='ocrx_word' id='word_1_649' title='bbox 1344 4642 1359 4681; x_wconf 88' lang='lat' dir='ltr'><strong>a</strong></span> <span class='ocrx_word' id='word_1_650' title='bbox 1382 4626 1560 4697; x_wconf 75' lang='lat' dir='ltr'><strong>presentibus</strong></span> <span class='ocrx_word' id='word_1_651' title='bbox 1584 4627 1723 4697; x_wconf 90' lang='lat' dir='ltr'><strong>inquisito,</strong></span> <span class='ocrx_word' id='word_1_652' title='bbox 1747 4627 1813 4683; x_wconf 91' lang='lat' dir='ltr'><strong>nihil</strong></span> 
     </span>
     <span class='ocr_line' id='line_1_50' title="bbox 183 4712 1813 4789; baseline -0.001 -14"><span class='ocrx_word' id='word_1_653' title='bbox 183 4719 260 4789; x_wconf 87' lang='lat' dir='ltr'><strong>quod</strong></span> <span class='ocrx_word' id='word_1_654' title='bbox 272 4733 380 4788; x_wconf 86' lang='lat' dir='ltr'><strong>semper</strong></span> <span class='ocrx_word' id='word_1_655' title='bbox 403 4716 557 4772; x_wconf 85' lang='lat' dir='ltr'><strong>inviolatam</strong></span> <span class='ocrx_word' id='word_1_656' title='bbox 572 4730 665 4773; x_wconf 88' lang='lat' dir='ltr'><strong>eorum</strong></span> <span class='ocrx_word' id='word_1_657' title='bbox 679 4714 895 4772; x_wconf 89' lang='lat' dir='ltr'><strong>communionem</strong></span> <span class='ocrx_word' id='word_1_658' title='bbox 921 4712 975 4769; x_wconf 87' lang='lat' dir='ltr'><strong>llo-</strong></span> <span class='ocrx_word' id='word_1_659' title='bbox 1028 4718 1099 4773; x_wconf 89' lang='lat' dir='ltr'><strong>aliud</strong></span> <span class='ocrx_word' id='word_1_660' title='bbox 1111 4718 1146 4772; x_wconf 91' lang='lat' dir='ltr'><strong>ab</strong></span> <span class='ocrx_word' id='word_1_661' title='bbox 1159 4731 1193 4772; x_wconf 90' lang='lat' dir='ltr'><strong>co</strong></span> <span class='ocrx_word' id='word_1_662' title='bbox 1207 4717 1328 4786; x_wconf 85' lang='lat' dir='ltr'><strong>exegisse</strong></span> <span class='ocrx_word' id='word_1_663' title='bbox 1339 4724 1495 4783; x_wconf 87' lang='lat' dir='ltr'><strong>noscuntur,</strong></span> <span class='ocrx_word' id='word_1_664' title='bbox 1511 4717 1561 4773; x_wconf 90' lang='lat' dir='ltr'><strong>nisi</strong></span> <span class='ocrx_word' id='word_1_665' title='bbox 1574 4725 1603 4773; x_wconf 93' lang='lat' dir='ltr'><strong>ut</strong></span> <span class='ocrx_word' id='word_1_666' title='bbox 1615 4719 1706 4773; x_wconf 90' lang='lat' dir='ltr'><strong>statim</strong></span> <span class='ocrx_word' id='word_1_667' title='bbox 1716 4717 1813 4773; x_wconf 91' lang='lat' dir='ltr'><strong>Nesto·</strong></span> 
     </span>
     <span class='ocr_line' id='line_1_51' title="bbox 184 4805 1814 4881; baseline -0.002 -14"><span class='ocrx_word' id='word_1_668' title='bbox 184 4811 260 4867; x_wconf 84' lang='lat' dir='ltr'><strong>mani</strong></span> <span class='ocrx_word' id='word_1_669' title='bbox 276 4807 418 4881; x_wconf 73' lang='lat' dir='ltr'><strong>pontifices</strong></span> <span class='ocrx_word' id='word_1_670' title='bbox 429 4815 614 4875; x_wconf 86' lang='lat' dir='ltr'><strong>servaverunt,</strong></span> <span class='ocrx_word' id='word_1_671' title='bbox 629 4822 680 4865; x_wconf 91' lang='lat' dir='ltr'><strong>nec</strong></span> <span class='ocrx_word' id='word_1_672' title='bbox 700 4807 819 4863; x_wconf 82' lang='lat' dir='ltr'><strong>abscindi</strong></span> <span class='ocrx_word' id='word_1_673' title='bbox 834 4807 867 4862; x_wconf 94' lang='lat' dir='ltr'><strong>ab</strong></span> <span class='ocrx_word' id='word_1_674' title='bbox 883 4805 976 4861; x_wconf 82' lang='lat' dir='ltr'><strong>Eccle-</strong></span> <span class='ocrx_word' id='word_1_675' title='bbox 1027 4810 1096 4866; x_wconf 89' lang='lat' dir='ltr'><strong>rium</strong></span> <span class='ocrx_word' id='word_1_676' title='bbox 1111 4809 1221 4879; x_wconf 85' lang='lat' dir='ltr'><strong>ejusque</strong></span> <span class='ocrx_word' id='word_1_677' title='bbox 1234 4809 1316 4879; x_wconf 88' lang='lat' dir='ltr'><strong>impia</strong></span> <span class='ocrx_word' id='word_1_678' title='bbox 1331 4810 1455 4878; x_wconf 87' lang='lat' dir='ltr'><strong>dogmata</strong></span> <span class='ocrx_word' id='word_1_679' title='bbox 1470 4809 1708 4866; x_wconf 84' lang='lat' dir='ltr'><strong>anathematizaret</strong></span> <span class='ocrx_word' id='word_1_680' title='bbox 1733 4817 1814 4877; x_wconf 89' lang='lat' dir='ltr'><strong>atquo</strong></span> 
     </span>
     <span class='ocr_line' id='line_1_52' title="bbox 185 4897 1814 4976; baseline -0.004 -17"><span class='ocrx_word' id='word_1_681' title='bbox 185 4903 228 4959; x_wconf 86' lang='lat' dir='ltr'><strong>sia</strong></span> <span class='ocrx_word' id='word_1_682' title='bbox 241 4902 293 4958; x_wconf 88' lang='lat' dir='ltr'><strong>dici</strong></span> <span class='ocrx_word' id='word_1_683' title='bbox 308 4908 456 4972; x_wconf 89' lang='lat' dir='ltr'><strong>potuerunt</strong></span> <span class='ocrx_word' id='word_1_684' title='bbox 467 4900 509 4956; x_wconf 89' lang='lat' dir='ltr'><strong>vel</strong></span> <span class='ocrx_word' id='word_1_685' title='bbox 520 4907 655 4970; x_wconf 86' lang='lat' dir='ltr'><strong>poterunt,</strong></span> <span class='ocrx_word' id='word_1_686' title='bbox 671 4914 739 4968; x_wconf 90' lang='lat' dir='ltr'><strong>quos</strong></span> <span class='ocrx_word' id='word_1_687' title='bbox 759 4897 809 4954; x_wconf 86' lang='lat' dir='ltr'><strong>sibi</strong></span> <span class='ocrx_word' id='word_1_688' title='bbox 821 4899 975 4955; x_wconf 83' lang='lat' dir='ltr'><strong>inconvulse</strong></span> <span class='ocrx_word' id='word_1_689' title='bbox 1011 4902 1176 4976; x_wconf 83' lang='lat' dir='ltr'><strong>damnaret,</strong></span> <span class='ocrx_word' id='word_1_690' title='bbox 1192 4903 1244 4958; x_wconf 89' lang='lat' dir='ltr'><strong>hoo</strong></span> <span class='ocrx_word' id='word_1_691' title='bbox 1257 4902 1307 4957; x_wconf 87' lang='lat' dir='ltr'><strong>sihi</strong></span> <span class='ocrx_word' id='word_1_692' title='bbox 1321 4900 1506 4957; x_wconf 88' lang='lat' dir='ltr'><strong>tantummodo</strong></span> <span class='ocrx_word' id='word_1_693' title='bbox 1519 4901 1642 4958; x_wconf 81' lang='lat' dir='ltr'><strong>subicere</strong></span> <span class='ocrx_word' id='word_1_694' title='bbox 1652 4900 1814 4971; x_wconf 77' lang='lat' dir='ltr'><strong>iudicantes,</strong></span> 
     </span>
     <span class='ocr_line' id='line_1_53' title="bbox 186 4989 1813 5063; baseline -0.005 -13"><span class='ocrx_word' id='word_1_695' title='bbox 186 4993 278 5050; x_wconf 77' lang='lat' dir='ltr'><strong>unitos</strong></span> <span class='ocrx_word' id='word_1_696' title='bbox 291 4992 438 5062; x_wconf 87' lang='lat' dir='ltr'><strong>apostolica</strong></span> <span class='ocrx_word' id='word_1_697' title='bbox 450 4991 577 5063; x_wconf 74' lang='lat' dir='ltr'><strong>iudicavit</strong></span> <span class='ocrx_word' id='word_1_698' title='bbox 591 4991 747 5047; x_wconf 87' lang='lat' dir='ltr'><strong>auctoritas.</strong></span> <span class='ocrx_word' id='word_1_699' title='bbox 1026 4992 1098 5063; x_wconf 91' lang='lat' dir='ltr'><strong>quod</strong></span> <span class='ocrx_word' id='word_1_700' title='bbox 1109 4992 1154 5048; x_wconf 92' lang='lat' dir='ltr'><strong>ille</strong></span> <span class='ocrx_word' id='word_1_701' title='bbox 1165 5006 1256 5047; x_wconf 85' lang='lat' dir='ltr'><strong>coram</strong></span> <span class='ocrx_word' id='word_1_702' title='bbox 1267 4991 1393 5048; x_wconf 88' lang='lat' dir='ltr'><strong>universo</strong></span> <span class='ocrx_word' id='word_1_703' title='bbox 1407 4991 1521 5047; x_wconf 90' lang='lat' dir='ltr'><strong>concilio</strong></span> <span class='ocrx_word' id='word_1_704' title='bbox 1535 4990 1646 5057; x_wconf 85' lang='lat' dir='ltr'><strong>iaciens,</strong></span> <span class='ocrx_word' id='word_1_705' title='bbox 1660 4989 1813 5046; x_wconf 89' lang='lat' dir='ltr'><strong>Nestorium</strong></span> 
     </span>
     <span class='ocr_line' id='line_1_54' title="bbox 221 5079 1814 5151; baseline -0.003 -12"><span class='ocrx_word' id='word_1_706' title='bbox 221 5082 253 5139; x_wconf 90' lang='lat' dir='ltr'><strong>ln</strong></span> <span class='ocrx_word' id='word_1_707' title='bbox 267 5081 376 5139; x_wconf 86' lang='lat' dir='ltr'><strong>Eusebii</strong></span> <span class='ocrx_word' id='word_1_708' title='bbox 388 5082 469 5136; x_wconf 87' lang='lat' dir='ltr'><strong>etiam</strong></span> <span class='ocrx_word' id='word_1_709' title='bbox 491 5092 670 5150; x_wconf 85' lang='lat' dir='ltr'><strong>cognomento</strong></span> <span class='ocrx_word' id='word_1_710' title='bbox 695 5080 827 5151; x_wconf 79' lang='lat' dir='ltr'><strong>Pamphili</strong></span> <span class='ocrx_word' id='word_1_711' title='bbox 852 5080 975 5137; x_wconf 78' lang='lat' dir='ltr'><strong>ilistoriae</strong></span> <span class='ocrx_word' id='word_1_712' title='bbox 1030 5098 1091 5139; x_wconf 91' lang='lat' dir='ltr'><strong>oum</strong></span> <span class='ocrx_word' id='word_1_713' title='bbox 1103 5081 1272 5151; x_wconf 90' lang='lat' dir='ltr'><strong>dogmatibus</strong></span> <span class='ocrx_word' id='word_1_714' title='bbox 1282 5082 1486 5148; x_wconf 85' lang='lat' dir='ltr'><strong>suis,unirersis</strong></span> <span class='ocrx_word' id='word_1_715' title='bbox 1499 5080 1622 5138; x_wconf 87' lang='lat' dir='ltr'><strong>Patribus</strong></span> <span class='ocrx_word' id='word_1_716' title='bbox 1636 5079 1814 5146; x_wconf 87' lang='lat' dir='ltr'><strong>audientibus,</strong></span> 
     </span>
     <span class='ocr_line' id='line_1_55' title="bbox 187 5169 1815 5245; baseline -0.001 -14"><span class='ocrx_word' id='word_1_717' title='bbox 187 5173 258 5232; x_wconf 87' lang='lat' dir='ltr'><strong>libro</strong></span> <span class='ocrx_word' id='word_1_718' title='bbox 271 5172 387 5241; x_wconf 89' lang='lat' dir='ltr'><strong>septimo</strong></span> <span class='ocrx_word' id='word_1_719' title='bbox 400 5170 506 5240; x_wconf 79' lang='lat' dir='ltr'><strong>legitur,</strong></span> <span class='ocrx_word' id='word_1_720' title='bbox 521 5169 675 5243; x_wconf 81' lang='lat' dir='ltr'><strong>Dionysium</strong></span> <span class='ocrx_word' id='word_1_721' title='bbox 702 5170 888 5226; x_wconf 74' lang='lat' dir='ltr'><strong>Alexandriam</strong></span> <span class='ocrx_word' id='word_1_722' title='bbox 911 5170 977 5226; x_wconf 89' lang='lat' dir='ltr'><strong>civi·</strong></span> <span class='ocrx_word' id='word_1_723' title='bbox 1028 5174 1100 5230; x_wconf 90' lang='lat' dir='ltr'><strong>clara</strong></span> <span class='ocrx_word' id='word_1_724' title='bbox 1110 5188 1177 5229; x_wconf 90' lang='lat' dir='ltr'><strong>voce</strong></span> <span class='ocrx_word' id='word_1_725' title='bbox 1187 5173 1332 5230; x_wconf 84' lang='lat' dir='ltr'><strong>damnavit.</strong></span> <span class='ocrx_word' id='word_1_726' title='bbox 1348 5173 1386 5230; x_wconf 79' lang='lat' dir='ltr'><strong>Ex</strong></span> <span class='ocrx_word' id='word_1_727' title='bbox 1400 5191 1454 5245; x_wconf 93' lang='lat' dir='ltr'><strong>quo</strong></span> <span class='ocrx_word' id='word_1_728' title='bbox 1468 5176 1605 5231; x_wconf 88' lang='lat' dir='ltr'><strong>evidenter</strong></span> <span class='ocrx_word' id='word_1_729' title='bbox 1617 5182 1738 5244; x_wconf 86' lang='lat' dir='ltr'><strong>apparot,</strong></span> <span class='ocrx_word' id='word_1_730' title='bbox 1751 5174 1815 5244; x_wconf 88' lang='lat' dir='ltr'><strong>quia</strong></span> 
     </span>
     <span class='ocr_line' id='line_1_56' title="bbox 188 5259 1814 5336; baseline 0.002 -19"><span class='ocrx_word' id='word_1_731' title='bbox 188 5262 252 5318; x_wconf 85' lang='lat' dir='ltr'><strong>tutis</strong></span> <span class='ocrx_word' id='word_1_732' title='bbox 271 5262 439 5330; x_wconf 89' lang='lat' dir='ltr'><strong>episcopum,</strong></span> <span class='ocrx_word' id='word_1_733' title='bbox 459 5260 505 5329; x_wconf 88' lang='lat' dir='ltr'><strong>qut</strong></span> <span class='ocrx_word' id='word_1_734' title='bbox 529 5259 607 5329; x_wconf 90' lang='lat' dir='ltr'><strong>longe</strong></span> <span class='ocrx_word' id='word_1_735' title='bbox 630 5269 693 5315; x_wconf 88' lang='lat' dir='ltr'><strong>ante</strong></span> <span class='ocrx_word' id='word_1_736' title='bbox 717 5260 864 5329; x_wconf 83' lang='lat' dir='ltr'><strong>iuerat,.de</strong></span> <span class='ocrx_word' id='word_1_737' title='bbox 873 5260 976 5332; x_wconf 85' lang='lat' dir='ltr'><strong>Nepote</strong></span> <span class='ocrx_word' id='word_1_738' title='bbox 1029 5263 1157 5334; x_wconf 91' lang='lat' dir='ltr'><strong>quidquid</strong></span> <span class='ocrx_word' id='word_1_739' title='bbox 1167 5264 1253 5319; x_wconf 84' lang='lat' dir='ltr'><strong>sitrcl</strong></span> <span class='ocrx_word' id='word_1_740' title='bbox 1264 5262 1401 5321; x_wconf 88' lang='lat' dir='ltr'><strong>lueritsub</strong></span> <span class='ocrx_word' id='word_1_741' title='bbox 1411 5263 1814 5336; x_wconf 82' lang='lat' dir='ltr'><strong>cujuslibctprolatumnomins,</strong></span> 
     </span>
     <span class='ocr_line' id='line_1_57' title="bbox 188 5352 1815 5426; baseline 0.002 -18"><span class='ocrx_word' id='word_1_742' title='bbox 188 5353 308 5425; x_wconf 85' lang='lat' dir='ltr'><strong>quodam</strong></span> <span class='ocrx_word' id='word_1_743' title='bbox 321 5352 449 5422; x_wconf 88' lang='lat' dir='ltr'><strong>episeopo</strong></span> <span class='ocrx_word' id='word_1_744' title='bbox 459 5352 568 5424; x_wconf 80' lang='lat' dir='ltr'><strong>AEgppti</strong></span> <span class='ocrx_word' id='word_1_745' title='bbox 580 5353 615 5406; x_wconf 91' lang='lat' dir='ltr'><strong>ita</strong></span> <span class='ocrx_word' id='word_1_746' title='bbox 627 5353 721 5416; x_wconf 86' lang='lat' dir='ltr'><strong>iecisse</strong></span> <span class='ocrx_word' id='word_1_747' title='bbox 734 5371 740 5408; x_wconf 89' lang='lat'>:</span> <span class='ocrx_word' id='word_1_748' title='bbox 754 5354 797 5408; x_wconf 91' lang='lat' dir='ltr'><strong>hie</strong></span> <span class='ocrx_word' id='word_1_749' title='bbox 806 5355 876 5409; x_wconf 89' lang='lat' dir='ltr'><strong>enim</strong></span> <span class='ocrx_word' id='word_1_750' title='bbox 888 5355 978 5425; x_wconf 88' lang='lat' dir='ltr'><strong>Nepos</strong></span> <span class='ocrx_word' id='word_1_751' title='bbox 1030 5355 1101 5426; x_wconf 92' lang='lat' dir='ltr'><strong>quod</strong></span> <span class='ocrx_word' id='word_1_752' title='bbox 1114 5356 1189 5426; x_wconf 90' lang='lat' dir='ltr'><strong>impii</strong></span> <span class='ocrx_word' id='word_1_753' title='bbox 1199 5356 1313 5413; x_wconf 89' lang='lat' dir='ltr'><strong>Nestorii</strong></span> <span class='ocrx_word' id='word_1_754' title='bbox 1328 5357 1449 5412; x_wconf 88' lang='lat' dir='ltr'><strong>videatur</strong></span> <span class='ocrx_word' id='word_1_755' title='bbox 1461 5356 1625 5412; x_wconf 86' lang='lat' dir='ltr'><strong>concordare</strong></span> <span class='ocrx_word' id='word_1_756' title='bbox 1637 5356 1815 5425; x_wconf 86' lang='lat' dir='ltr'><strong>dogmatibus,</strong></span> 
     </span>
     <span class='ocr_line' id='line_1_58' title="bbox 189 5440 1816 5513; baseline 0.001 -15"><span class='ocrx_word' id='word_1_757' title='bbox 189 5444 334 5513; x_wconf 83' lang='lat' dir='ltr'><strong>episcopos</strong></span> <span class='ocrx_word' id='word_1_758' title='bbox 348 5440 382 5497; x_wconf 88' lang='lat' dir='ltr'><strong>de</strong></span> <span class='ocrx_word' id='word_1_759' title='bbox 392 5441 463 5498; x_wconf 90' lang='lat' dir='ltr'><strong>mille</strong></span> <span class='ocrx_word' id='word_1_760' title='bbox 476 5444 562 5509; x_wconf 91' lang='lat' dir='ltr'><strong>annis,</strong></span> <span class='ocrx_word' id='word_1_761' title='bbox 576 5443 673 5511; x_wconf 90' lang='lat' dir='ltr'><strong>quibus</strong></span> <span class='ocrx_word' id='word_1_762' title='bbox 688 5452 750 5512; x_wconf 87' lang='lat' dir='ltr'><strong>post</strong></span> <span class='ocrx_word' id='word_1_763' title='bbox 761 5443 872 5513; x_wconf 87' lang='lat' dir='ltr'><strong>primam</strong></span> <span class='ocrx_word' id='word_1_764' title='bbox 886 5460 977 5500; x_wconf 82' lang='lat' dir='ltr'><strong>resur·</strong></span> <span class='ocrx_word' id='word_1_765' title='bbox 1027 5446 1081 5501; x_wconf 85' lang='lat' dir='ltr'><strong>lroc</strong></span> <span class='ocrx_word' id='word_1_766' title='bbox 1104 5455 1167 5502; x_wconf 90' lang='lat' dir='ltr'><strong>tuno</strong></span> <span class='ocrx_word' id='word_1_767' title='bbox 1189 5446 1216 5501; x_wconf 90' lang='lat' dir='ltr'><strong>in</strong></span> <span class='ocrx_word' id='word_1_768' title='bbox 1241 5447 1287 5501; x_wconf 92' lang='lat' dir='ltr'><strong>illo</strong></span> <span class='ocrx_word' id='word_1_769' title='bbox 1314 5456 1408 5502; x_wconf 88' lang='lat' dir='ltr'><strong>saneto</strong></span> <span class='ocrx_word' id='word_1_770' title='bbox 1430 5445 1545 5502; x_wconf 90' lang='lat' dir='ltr'><strong>concilio</strong></span> <span class='ocrx_word' id='word_1_771' title='bbox 1567 5447 1654 5501; x_wconf 91' lang='lat' dir='ltr'><strong>aviro</strong></span> <span class='ocrx_word' id='word_1_772' title='bbox 1671 5445 1816 5501; x_wconf 89' lang='lat' dir='ltr'><strong>venorabili</strong></span> 
     </span>
     <span class='ocr_line' id='line_1_59' title="bbox 189 5532 1817 5599; baseline 0 -11"><span class='ocrx_word' id='word_1_773' title='bbox 189 5532 339 5590; x_wconf 83' lang='lat' dir='ltr'><strong>rectionem</strong></span> <span class='ocrx_word' id='word_1_774' title='bbox 353 5540 461 5588; x_wconf 88' lang='lat' dir='ltr'><strong>sanctos</strong></span> <span class='ocrx_word' id='word_1_775' title='bbox 470 5547 531 5587; x_wconf 89' lang='lat' dir='ltr'><strong>cum</strong></span> <span class='ocrx_word' id='word_1_776' title='bbox 541 5532 649 5588; x_wconf 89' lang='lat' dir='ltr'><strong>Christo</strong></span> <span class='ocrx_word' id='word_1_777' title='bbox 660 5539 819 5599; x_wconf 84' lang='lat' dir='ltr'><strong>regnaturos</strong></span> <span class='ocrx_word' id='word_1_778' title='bbox 830 5547 889 5589; x_wconf 88' lang='lat' dir='ltr'><strong>csse</strong></span> <span class='ocrx_word' id='word_1_779' title='bbox 910 5533 976 5590; x_wconf 89' lang='lat' dir='ltr'><strong>bea·</strong></span> <span class='ocrx_word' id='word_1_780' title='bbox 1029 5533 1200 5592; x_wconf 86' lang='lat' dir='ltr'><strong>&#39;lirendoreto</strong></span> <span class='ocrx_word' id='word_1_781' title='bbox 1211 5534 1292 5590; x_wconf 85' lang='lat' dir='ltr'><strong>luerit</strong></span> <span class='ocrx_word' id='word_1_782' title='bbox 1305 5537 1362 5591; x_wconf 88' lang='lat' dir='ltr'><strong>siue</strong></span> <span class='ocrx_word' id='word_1_783' title='bbox 1377 5535 1542 5591; x_wconf 88' lang='lat' dir='ltr'><strong>dubitatione</strong></span> <span class='ocrx_word' id='word_1_784' title='bbox 1552 5535 1725 5591; x_wconf 86' lang='lat' dir='ltr'><strong>damnatura:</strong></span> <span class='ocrx_word' id='word_1_785' title='bbox 1740 5543 1768 5592; x_wconf 90' lang='lat' dir='ltr'><strong>et</strong></span> <span class='ocrx_word' id='word_1_786' title='bbox 1781 5532 1817 5589; x_wconf 92' lang='lat' dir='ltr'><strong>sit</strong></span> 
     </span>
    </p>
   </div>
   <div class='ocr_carea' id='block_1_3' title="bbox 233 5704 1815 5770">
    <p class='ocr_par' dir='ltr' id='par_1_3' title="bbox 233 5704 1815 5770">
     <span class='ocr_line' id='line_1_60' title="bbox 233 5704 1815 5770; baseline -0.004 -1"><span class='ocrx_word' id='word_1_787' title='bbox 233 5711 328 5770; x_wconf 72' lang='lat' dir='ltr'><strong>ttius</strong></span> <span class='ocrx_word' id='word_1_788' title='bbox 342 5722 369 5769; x_wconf 90' lang='lat' dir='ltr'><strong>ot</strong></span> <span class='ocrx_word' id='word_1_789' title='bbox 381 5710 500 5770; x_wconf 78' lang='lat' dir='ltr'><strong>Faeuud.</strong></span> <span class='ocrx_word' id='word_1_790' title='bbox 512 5709 557 5767; x_wconf 88' lang='lat' dir='ltr'><strong>lib.</strong></span> <span class='ocrx_word' id='word_1_791' title='bbox 569 5719 663 5767; x_wconf 80' lang='lat' dir='ltr'><strong>conus</strong></span> <span class='ocrx_word' id='word_1_792' title='bbox 676 5706 789 5766; x_wconf 88' lang='lat' dir='ltr'><strong>Noeian.</strong></span> <span class='ocrx_word' id='word_1_793' title='bbox 1067 5705 1082 5748; x_wconf 73' lang='lat' dir='ltr'><strong>i</strong></span> <span class='ocrx_word' id='word_1_794' title='bbox 1099 5705 1138 5764; x_wconf 79' lang='lat' dir='ltr'><strong>Es</strong></span> <span class='ocrx_word' id='word_1_795' title='bbox 1153 5704 1255 5764; x_wconf 84' lang='lat' dir='ltr'><strong>Concil.</strong></span> <span class='ocrx_word' id='word_1_796' title='bbox 1272 5707 1352 5765; x_wconf 81' lang='lat' dir='ltr'><strong>Rom.</strong></span> <span class='ocrx_word' id='word_1_797' title='bbox 1372 5710 1422 5766; x_wconf 88' lang='lat' dir='ltr'><strong>sub</strong></span> <span class='ocrx_word' id='word_1_798' title='bbox 1444 5709 1551 5769; x_wconf 85' lang='lat' dir='ltr'><strong>Gelasio</strong></span> <span class='ocrx_word' id='word_1_799' title='bbox 1574 5726 1618 5766; x_wconf 87' lang='lat' dir='ltr'><strong>an.</strong></span> <span class='ocrx_word' id='word_1_800' title='bbox 1642 5705 1704 5764; x_wconf 76' lang='lat' dir='ltr'><strong>its.</strong></span> <span class='ocrx_word' id='word_1_801' title='bbox 1728 5706 1815 5765; x_wconf 80' lang='lat' dir='ltr'><strong>Naso.</strong></span> 
     </span>
    </p>
   </div>
   <div class='ocr_carea' id='block_1_4' title="bbox 0 0 2056 6180">
    <p class='ocr_par' dir='ltr' id='par_1_4' title="bbox 0 0 2056 6180">
     <span class='ocr_line' id='line_1_61' title="bbox 0 0 2056 6180; baseline 0 0"><span class='ocrx_word' id='word_1_802' title='bbox 0 0 2056 6180; x_wconf 95' lang='lat' dir='ltr'><strong> </strong></span> 
     </span>
    </p>
   </div>
  </div>
 </body>
</html>
