4059 6184
214 439 261 496 eil
829 433 866 489 li.
881 427 1020 489 Abnbtll
1038 429 1236 487 cusstoooul
1798 435 1850 492 m

213 549 321 622 quaudo
332 550 456 606 humane
464 547 528 603 rite
539 546 628 603 nullus
638 546 714 602 'cibus
724 555 817 616 gratus
827 546 953 611 edicitur,
961 544 1007 600 ubi
1022 547 1049 607 Α
1060 545 1167 603 lraodes
1179 554 1308 604 noscatur
1317 548 1745 620 esseeorroptumlCouductores
1754 547 1849 607 dorum

215 656 344 710 aquarum
369 639 486 694 dulcium
517 637 695 711 perspicuitas
719 653 773 692 nou
804 637 928 693 babetur.
953 636 1010 707 92
1060 639 1150 709 regiae,
1161 653 1321 710 quacunque
1340 650 1420 709 gente
1439 642 1491 697 siut
1504 641 1579 707 editi,
1592 642 1625 696 ad
1637 641 1767 711 liquidum
1779 642 1849 697 reri·

215 734 281 789 Nam
294 735 317 788 si
331 733 414 786 lavari
429 732 554 802 cupimus
568 729 717 801 purissimis
733 728 897 799 liquoribus,
907 737 1009 797 quanto
1061 736 1117 785 tate
1126 728 1264 796 discussa,
1276 737 1380 790 tautum
1394 730 1565 788 decernimus
1582 732 1687 788 solvere
1699 770 1708 796 ‚
1722 742 1850 804 quantum

216 826 300 893 magis
311 826 404 880 satiari
426 826 523 880 talibus
537 819 788 888 resonamustouoe
800 820 822 875 si
838 835 910 874 nuuc
921 819 1010 874 lutura
1061 833 1154 880 nostra
1177 827 1275 896 praedia
1293 827 1445 884 eonstiterit
1458 829 1603 899 pensitare.
1626 827 1659 884 Et
1675 844 1708 885 ue
1727 831 1850 898 cuiquam

215 922 381 979 tractentur,
395 916 459 969 nulli
474 915 552 970 labor
566 913 631 969 iatcit
643 912 762 981 taedium,
774 911 820 982 qui
830 911 946 966 sumitur
960 923 1010 980 pro
1061 915 1138 971 labor
1150 932 1214 972 suus
1226 916 1485 988 videaturiugratus,
1495 920 1593 976 salaria
1605 918 1654 985 eis,
1665 921 1852 991 proquulirare

217 1008 578 1062 deiecta-ioueeurrctorum.
1061 1002 1158 1060 loeelte
1183 1006 1231 1072 rei,
1257 1015 1346 1062 vestra
1360 1008 1484 1063 volumus
1509 1009 1635 1078 aequitate
1645 1011 1780 1065 constitui.
1793 1010 1851 1065 Nun

469 1140 637 1197 EPISTOLA
657 1137 779 1194 xxm·
1063 1095 1134 1149 euim
1146 1104 1249 1163 nostra,
1265 1097 1312 1152 seri
1325 1097 1432 1153 iliorum
1443 1114 1506 1153 rura
1519 1099 1572 1173 [ed.
1585 1100 1623 1154 Ae
1636 1097 1726 1173 ,jura]
1740 1100 1854 1156 dicenda

324 1250 440 1290 mmo
454 1251 489 1289 ΙΙΙ
505 1249 619 1289 mm
642 1244 827 1286 mmmmm
840 1245 903 1284 m·
1063 1196 1136 1254 sunt,
1157 1188 1180 1244 si
1199 1204 1249 1260 pro
1270 1188 1408 1272 voluntaie
1428 1190 1603 1249 conducentis
1625 1191 1721 1248 modus
1746 1191 1855 1248 eueniat

1065 1277 1212 1348 pensionis.
1227 1277 1478 1336 Tratrsmariuorum
1490 1281 1571 1351 igitur
1583 1297 1728 1349 canonem,
1741 1284 1785 1338 ubi
1799 1299 1855 1340 nou

218 1348 301 1404 litun
332 1366 376 1403 eos
396 1350 423 1402 r'tr
447 1345 613 1415 Hisponinm,
639 1353 667 1397 ut
689 1344 834 1412 reprimunt
862 1340 1015 1395 auctoritate

253 1422 337 1491 ieantt
348 1430 401 1473 tum
409 1418 563 1482 homicidos,
571 1427 625 1469 tunt
634 1416 765 1485 exigentes
776 1429 860 1468 ortem
870 1412 1012 1493 pubiicum,

253 1494 296 1565 qui
310 1509 356 1560 per
372 1489 525 1561 pronomina
543 1486 686 1557 ponderum
701 1500 877 1555 possessorum
887 1491 1013 1550 pntrrme·

254 1564 299 1615 niu
315 1560 478 1630 premebnttt;
496 1568 547 1611 tum
569 1557 677 1628 uertique
690 1571 778 1609 omnes
793 1555 820 1608 it
832 1553 909 1607 molis
923 1560 948 1606 et
963 1553 1018 1623 [rtr-

255 1633 312 1687 tr’uis
328 1632 428 1684 actibus
442 1639 565 1682 uersuros.

255 1745 340 1800 Decet
358 1744 512 1814 provincias
535 1755 619 1809 reguo
643 1746 754 1803 nostro,
777 1738 835 1794 ileo
857 1736 1015 1800 auxiliante,

220 1838 367 1909 subiectas,
392 1836 496 1905 iegibus
516 1842 542 1889 et
563 1834 641 1889 bonis
655 1832 775 1888 moribus
800 1829 938 1886 ordinari:
954 1828 1018 1899 quie

1066 1384 1148 1440 parra
1167 1369 1239 1425 imus
1254 1371 1311 1426 lieri
1329 1371 1490 1429 utilitatibus
1509 1373 1623 1444 publicis
1636 1374 1792 1442 intimatur,
1806 1392 1856 1433 ros

1066 1467 1169 1516 attente
1176 1460 1302 1530 jubemus
1313 1462 1466 1532 exquirere,
1481 1472 1562 1535 atque
1574 1472 1703 1520 statuturo
1714 1481 1857 1524 numerum

1067 1565 1118 1620 pro
1136 1548 1238 1621 jurium
1255 1552 1385 1621 qualitate
1406 1550 1540 1609 delinire:
1562 1555 1625 1625 qnia
1642 1564 1735 1612 contra
1749 1555 1859 1613 lmudes

1068 1645 1135 1702 utile
1146 1646 1294 1703 remedium
1308 1656 1350 1703 est
1366 1663 1445 1704 nosse
1454 1648 1527 1719 quod
1538 1650 1678 1706 inseratur.
1692 1649 1860 1708 lionetarios

1069 1748 1159 1796 ειιιειιι
1171 1782 1180 1809 ,
1194 1756 1263 1811 quos
1282 1741 1435 1812 specialiter
1460 1743 1488 1798 iu
1511 1758 1589 1800 usum
1605 1743 1739 1812 pubiicum
1753 1752 1862 1800 mutiat

1070 1832 1203 1896 inventos,
1216 1832 1243 1887 iu
1255 1832 1420 1903 privatorum
1431 1832 1572 1889 didicimus
1580 1834 1718 1889 transiisse
1727 1850 1862 1905 compen-

221 1931 267 1985 iila
282 1929 336 1982 vita
353 1942 415 1982 vere
428 1925 567 1982 homiuum
578 1930 631 1992 est,
642 1937 703 1992 qum
712 1921 780 1992 juris
790 1919 885 1977 urdine
894 1918 1017 1975 contiue-
1032 1925 1055 1987 Β
1068 1922 1152 1980 diune.
1166 1923 1225 1992 Qua
1239 1926 1448 1997 praesumptione
1468 1927 1864 1999 puularp‚p10vjrjumqqatj.

223 2033 275 2077 tur.
287 2019 353 2075 Natu
367 2019 517 2074 belluarum
539 2017 607 2072 ritus
628 2024 671 2070 est
687 2015 737 2071 sub
754 2028 818 2069 casu
830 2011 923 2066 vivere
937 2026 944 2063 ι
958 2023 1018 2080 quae
1070 2023 1125 2071 tate
1138 2015 1320 2092 iunctioribus
1332 2017 1445 2087 publicis
1460 2017 1641 2088 applicentur.
1656 2016 1768 2074 Tolouei
1780 2018 1865 2089 quin·

222 2113 287 2169 dum
298 2110 419 2182 rapiendi
430 2110 533 2165 ambitu
552 2107 693 2170 feruntur,
707 2103 854 2176 improvisu
865 2101 1019 2158 temeritate
1070 2106 1150 2161 etiam
1171 2121 1302 2162 canonem
1325 2107 1397 2162 nulla
1416 2106 1520 2164 faciatis
1531 2109 1706 2179 usurpatione
1720 2109 1864 2188 conlundij

224 2204 412 2260 succumbunt.
435 2201 534 2272 Agrum
547 2215 625 2256 suum
638 2198 754 2267 denique
772 2211 787 2251 a
800 2194 921 2250 dumosis
935 2192 1020 2249 senti·
1070 2198 1117 2254 sad
1128 2199 1237 2254 spadum
1251 2199 1504 2267 repugnantium,
1519 2217 1599 2271 quem
1615 2210 1742 2272 peperere
1753 2203 1864 2266 appear,

223 2294 274 2351 bus
286 2295 382 2350 doctus
395 2302 490 2364 purgat
503 2290 621 2361 agricola
638 2308 645 2343 z
661 2290 725 2361 quia
739 2288 798 2343 iaus
807 2284 958 2343 excolentis
967 2290 1019 2348 esi,
1071 2289 1250 2359 imponentes.
1260 2290 1610 2347 comuterciandiiiccutiam
1620 2292 1743 2363 :equabili
1755 2293 1866 2349 ratione

224 2386 248 2442 si
257 2394 363 2456 agreste
379 2385 466 2440 solum
485 2383 646 2440 dulcissimis
657 2379 788 2437 fructibus
798 2384 960 2434 amoettetur.
975 2374 1021 2431 sic
1071 2390 1208 2446 revocate,
1218 2397 1252 2436 ue
1263 2396 1294 2436 se
1307 2381 1401 2438 tendat
1414 2382 1441 2437 iu
1455 2395 1550 2449 vagum
1561 2382 1703 2438 ambitiosa
1716 2381 1867 2438 enormitas

224 2478 302 2548 quies
327 2475 485 2532 suavissima
499 2473 606 2544 populi,
621 2481 649 2527 et
667 2470 812 2541 tranquilia
824 2467 966 2544 dispositio
978 2480 1022 2520 re·
1072 2473 1246 2542 exigentium.
1270 2473 1354 2528 Actus
1370 2481 1500 2543 praerprea
1513 2474 1592 2537 Lauri,
1606 2472 1682 2543 cujus
1700 2473 1867 2534 conscientia

225 2569 352 2637 glorium,
366 2565 531 2637 praeconium
545 2563 674 2633 probatur
685 2577 746 2617 esse
759 2561 940 2629 regnantium.
954 2555 1022 2610 ilui-
1070 2577 1177 2618 summa
1190 2562 1311 2631 pulsatur
1321 2562 1491 2625 itttidia,snb
1500 2572 1630 2620 eousnela
1640 2563 1868 2619 uobisceosemue

227 2669 316 2716 rorum
332 2657 541 2730 itaquequerela
554 2656 746 2725 comperimus,
762 2653 790 2709 iu
810 2651 947 2723 provincia
962 2648 1023 2705 iiis-
1072 2655 1200 2724 requiete
1209 2654 1342 2726 perquiri;
1359 2663 1388 2709 ut
1402 2670 1453 2711 uec
1465 2654 1537 2711 iraus
1551 2656 1646 2711 astulis
1657 2654 1869 2711 machinationi·

167 2804 172 2813 .
227 2751 325 2823 panis,
344 2748 420 2821 ,quod
445 2761 580 2803 summum
601 2746 672 2802 tuter
695 2742 946 2800 meruissemus
970 2746 1022 2804 est,
1072 2746 1124 2801 bus
1144 2745 1293 2810 occulatur,
1307 2745 1526 2802 umirtuoceutta
1547 2744 1870 2802 lalstserimimumobm

228 2843 299 2896 vitas
320 2839 458 2896 bominum
473 2852 539 2907 uaga
553 2825 760 2909 presumptione
784 2833 924 2905 populari,
939 2840 967 2887 et
981 2831 1023 2888 le·
1074 2836 1236 2907 ingravetur.
1252 2831 1432 2907 Quosconque
1446 2851 1511 2891 vero
1532 2836 1559 2891 iu
1584 2834 1689 2892 iurllvis
1715 2833 1870 2891 actionibus

227 2930 302 2985 vium
323 2931 467 2985 occasione
480 2943 620 2983 causarum
641 2927 734 2982 subire
751 2925 851 2981 multos
873 2924 1022 2979 interitum.
1074 2929 1198 2999 reperiris
1220 2928 1451 2994 luissevcrsatos,
1465 2943 1515 2999 pro
1536 2926 1704 2984 fortunarum
1714 2927 1870 2999 quantitate

228 3020 275 3078 Sic
287 3022 355 3076 mola
368 3036 434 3092 pace
444 3021 521 3091 quasi
534 3021 596 3075 ludo
611 3027 751 3084 corruunt,
763 3017 910 3089 quantivis
921 3016 1026 3087 potuis·
1041 3041 1052 3054 .
1074 3037 1237 3094 suppressa,
1264 3021 1380 3078 reddant
1398 3029 1488 3078 restra
1510 3021 1689 3077 estimatione
1713 3020 1869 3089 pecuniam.

229 3122 291 3170 sent
311 3111 408 3169 cadere
425 3113 474 3167 sub
493 3112 658 3167 necessitate
679 3110 824 3166 beliorum.
856 3108 1025 3165 bebincoou
1075 3113 1153 3182 Quod
1175 3115 1197 3169 si
1216 3116 1274 3170 baee
1294 3130 1343 3185 per
1356 3114 1425 3170 alios
1438 3113 1559 3184 dispersa
1579 3127 1640 3170 etse
1664 3111 1827 3176 constiterit,
1845 3116 1875 3165 et

229 3205 401 3277 polyptychis
419 3204 549 3275 publicis,
561 3211 592 3259 ιιι
605 3203 688 3259 ιιιοιίε
698 3211 749 3268 εει,
759 3201 807 3258 scd
823 3202 935 3257 arbitrio
948 3215 1025 3256 corn·
1076 3205 1115 3261 illi
1128 3206 1301 3261 nibilominus
1314 3214 1459 3261 teneantur
1467 3204 1577 3260 obnoxii
1587 3242 1595 3267 ,
1606 3203 1652 3273 qui
1665 3203 1782 3259 seierum
1793 3201 1872 3272 passi

231 3297 368 3369 pulsorum
389 3304 570 3371 suggeruntur
588 3294 793 3366 provincialium
812 3294 952 3364 subjacere
970 3293 1027 3350 ior-
1040 3296 1063 3358 C
1077 3306 1140 3353 suut
1151 3298 1178 3353 in
1189 3297 1234 3351 tali
1246 3296 1355 3353 stelione
1371 3296 1490 3352 misceri.
1506 3295 1656 3366 Compiices
1668 3294 1739 3350 enim
1757 3293 1873 3348 exstile-

232 3399 314 3446 tuum.
329 3389 412 3456 Quod·
420 3404 505 3460 genus
514 3388 646 3445 evidentis
660 3387 817 3459 estprmdae,
832 3405 880 3458 pru
891 3388 964 3443 iilius
976 3403 1025 3443 vo·
1077 3399 1140 3447 rurrt
1158 3391 1298 3454 criminis,
1323 3391 1369 3460 qui
1390 3405 1443 3446 uon
1465 3390 1624 3446 detexerunt
1647 3388 1717 3444 facta
1741 3387 1874 3456 raptoris.

144 3523 147 3529 ,
231 3482 335 3536 lentate
354 3481 419 3536 dare
439 3481 485 3551 qui
498 3480 532 3535 ad
544 3496 621 3536 suum
637 3482 807 3536 commodum
823 3480 938 3550 amplius
952 3477 1027 3536 iesti-
1078 3481 1286 3539 Praebeudarum
1299 3492 1312 3522 ¹
1324 3491 1403 3538 tenor
1416 3484 1557 3553 ascriptus,
1568 3495 1648 3550 quem
1659 3478 1875 3535 nostradirersis

233 3581 281 3628 nat
291 3573 410 3652 exiguis.
421 3572 471 3628 Cui
484 3572 523 3628 rei
536 3587 586 3627 nos
593 3572 677 3641 regali
687 3571 856 3643 providentia
868 3579 1027 3626 succurrere
1078 3577 1190 3646 largitur
1203 3578 1376 3642 humanitas,
1392 3573 1600 3647 provincialibus
1611 3572 1762 3641 suggeritur
1772 3570 1876 3625 intule-

232 3664 383 3735 eupientes,
406 3664 599 3719 sublimitatem
612 3671 729 3718 vestram
743 3678 790 3734 per
802 3664 954 3717 universam
967 3660 1028 3717 iiis-
1078 3668 1171 3724 rabilis
1183 3683 1263 3723 causa
1285 3666 1538 3744 εεεερειιιιιοιιιιιι,
1553 3662 1661 3733 quaudo
1674 3670 1702 3718 et
1721 3662 1748 3716 iu
1766 3661 1876 3732 species

233 3754 341 3824 partiunt
353 3753 414 3808 luco
423 3754 540 3807 muueris
551 3750 926 3818 eredidimosdestiuamlaut;
939 3758 968 3804 ut
978 3749 1028 3805 sub
1079 3760 1209 3829 exigam,
1223 3768 1251 3816 ρι
1261 3760 1431 3831 impuqemep
1445 3757 1504 3828 ejus
1517 3756 1632 3826 pregium
1646 3753 1810 3825 postulatur,
1825 3752 1877 3810 pe.

234 3844 412 3899 obiitaiiffltit
431 3850 528 3897 vestiti
542 3843 681 3908 mittit,
698 3841 855 3898 inliberali}
868 3841 952 3910 b⁰⁵³i¹
962 3856 1030 3898 ⁰0¹¹·
1079 3852 1211 3909 testabiiis
1223 3852 1375 3923 cupiditatis
1390 3851 1438 3905 ista
1453 3856 1515 3904 sont
1527 3847 1704 3913 documenta,
1715 3851 1878 3913 cumpeteu·

234 3935 370 3991 suetuiiui
384 3935 420 3989 uit
436 3934 528 3989 licere.
544 3933 641 3989 verum
654 3942 686 3988 ut
699 3949 775 3989 more
792 3934 959 3989 mediconno
978 3950 1030 3990 se·
1080 3942 1116 3998 tta
1126 3944 1177 3999 sibi
1195 3944 1345 3999 distrahere
1357 3987 1365 4010 ,
1377 3952 1407 3999 ct
1417 3941 1450 3997 ae
1463 3939 1587 4008 exigeret
1601 3936 1800 4008 impudentiam
1812 3952 1878 3992 rucx

235 4025 356 4081 rioribus
368 4025 469 4081 morbis
480 4025 631 4081 accelerata
650 4025 769 4080 remedia
785 4025 951 4091 tribuamus,
966 4025 1030 4081 inde
1079 4033 1270 4101 redire,Qu0d
1290 4032 1543 4105 pinnigimppobm
1569 4027 1880 4084 nimigvidggurabsur.

236 4117 382 4172 ornationis
395 4124 494 4171 nostre
505 4116 662 4171 ilatinitiuot
670 4158 678 4184 ,
686 4116 730 4171 ubi
744 4113 829 4184 migis
840 4117 960 4171 noscitur
970 4132 1031 4172 esse
1081 4127 1158 4196 dmm
1173 4140 1198 4182 ur
1209 4135 1334 4183 suposita
1345 4128 1491 4183 consultura
1497 4127 1709 4195 praemreaut‚,et
1717 4117 1880 4176 tributario-

236 4212 394 4284 perieuium.
411 4211 553 4268 Homicidii
573 4212 662 4268 scelus
673 4212 762 4282 legum
774 4211 901 4282 jubemus
913 4212 1031 4267 auetori—
1081 4236 1157 4285 rum,
1179 4220 1225 4291 qul
1240 4218 1347 4274 intendi
1362 4231 1424 4275 suut
1436 4258 1444 4285 ,
1456 4219 1597 4275 videantur
1608 4217 1736 4274 afflixisse
1749 4216 1881 4274 substau-

237 4314 293 4360 tete
311 4305 442 4372 resecem
457 4303 504 4361 sed
527 4314 657 4374 quantum
672 4303 858 4360 vehementior
870 4320 950 4375 poene
971 4314 1029 4372 est,
1082 4310 1156 4366 tiam.
1169 4309 1229 4365 Sint
1249 4309 1330 4379 igilur
1342 4309 1453 4381 prmbro
1463 4308 1543 4365 modo
1553 4308 1670 4365 contenti
1682 4350 1690 4376 ,
1701 4308 1758 4363 sive
1774 4307 1881 4362 ibidem

238 4404 314 4451 tauto
327 4395 386 4465 eius
396 4396 435 4452 rei
445 4395 527 4453 debet
541 4396 679 4466 inquisitio
692 4396 752 4467 pius
764 4396 874 4454 baberi:
890 4412 923 4451 oe
938 4411 1032 4450 amore
1081 4398 1174 4470 posili,
1188 4397 1245 4453 sive
1257 4397 1320 4454 hine
1333 4397 1507 4453 nibilominus
1518 4395 1646 4452 destinati
1661 4413 1668 4450 :
1681 4395 1802 4451 babeant
1812 4393 1882 4449 libe·

237 4487 362 4544 vindicte
376 4489 534 4546 innocentes
559 4489 701 4545 videantur
724 4489 785 4545 vite
808 4488 926 4560 pericula
950 4489 1032 4544 susti·
1082 4506 1141 4546 rum
1156 4489 1316 4551 arbitrium,
1331 4503 1414 4543 unoru
1428 4494 1533 4568 tantum
1556 4486 1591 4542 de
1610 4486 1715 4542 duobus
1736 4492 1881 4555 expetere,

238 4594 314 4633 nere.
327 4578 602 4650 Perrantitaqoesoli
612 4581 776 4636 nocentesin
788 4581 958 4637 correctione
969 4579 1032 4635 mui-
1082 4580 1229 4636 dummodo
1247 4580 1383 4650 geminata
1404 4579 1548 4635 exactione
1570 4576 1691 4632 lortuuas
1704 4574 1810 4630 alienas
1825 4587 1882 4628 nort

238 4675 340 4733 torum,
355 4671 463 4738 quaudo
473 4679 500 4724 et
511 4670 565 4725 boc
575 4669 684 4740 pietatis
698 4685 782 4739 genus
792 4680 843 4736 est,
858 4685 985 4726 coercere
995 4673 1031 4726 iu
1046 4673 1071 4733 D
1083 4669 1199 4725 debeant
1207 4670 1359 4739 ingravare.
1375 4667 1540 4724 Exactorom
1554 4681 1662 4736 quoque
1673 4663 1779 4721 lieentia
1793 4662 1883 4719 fertur

158 4755 173 4777 ⁸
238 4761 350 4816 lantiam
361 4760 489 4829 eriruiuis,
505 4761 702 4832 nejurenescat
715 4763 874 4832 augmentis.
887 4761 1031 4832 Exigentes

239 4867 305 4908 vero
324 4868 412 4908 assem
432 4853 567 4923 publicum
580 4869 628 4923 per
643 4855 797 4923 gravamina
807 4854 955 4923 ponderum
969 4869 1032 4925 pre·

239 4961 314 5001 mere
326 4944 450 5001 dicuntur
462 4947 622 5016 patrimonia
634 4962 821 5016 possessorum
834 4964 842 5012 ;
858 4955 887 5002 ut
906 4963 960 5004 noo
976 4957 1030 5004 tam

239 5038 346 5093 exactio
366 5053 447 5108 quatu
471 5038 560 5107 pracda
583 5052 642 5094 esse
664 5038 796 5095 videatur.
819 5038 874 5095 Sed
898 5048 929 5095 ut
948 5041 1031 5098 totius

240 5129 340 5184 fraudis
351 5131 496 5199 abrogetur
506 5130 624 5195 occasio,
639 5130 674 5186 ad
689 5130 784 5186 librato
798 5132 913 5187 cubiculi
934 5133 1031 5198 nostri,

239 5239 302 5291 qum
314 5225 391 5279 uobis
405 5224 431 5278 in
445 5224 571 5293 prtescuti
586 5223 648 5278 date
662 5232 713 5290 est,
730 5225 868 5280 universas
881 5224 1034 5282 inunctiones

239 5312 1033 5385 prrltiieasjubemusinferriQuidenirutamnelariurnquam

240 5405 478 5476 praesumptoribus
486 5406 566 5461 licent
580 5405 607 5459 iu
623 5406 680 5475 ipsa
692 5405 773 5461 etiam
785 5406 892 5461 trutinre
903 5406 1035 5475 qualitate

240 5511 370 5577 pecearc3
384 5503 414 5552 ut
426 5496 497 5567 quod
505 5505 547 5552 est
557 5495 669 5565 justitie
681 5498 790 5568 proprie
802 5498 893 5552 datum
904 5539 911 5565 ,
923 5499 974 5553 itoc
986 5512 1035 5568 per

277 5666 290 5693 κ
308 5653 519 5718 Prebeudorum,
531 5655 567 5709 al.
577 5654 785 5725 prehenderunt.
799 5654 828 5708 L.
842 5653 886 5718 le,
898 5651 987 5721 lorili,
998 5652 1034 5708 de

241 5725 333 5779 testib.
347 5722 434 5779 Plaut.
449 5724 476 5779 iu
491 5723 583 5788 Persa,
600 5725 743 5795 prebenda
757 5725 1032 5780 aedilcslocaverunt.

242 5795 303 5848 Aul.
324 5793 394 5848 Geli.
411 5795 466 5863 93
493 5795 540 5849 lib.
562 5810 608 5860 xv,
634 5810 693 5862 cap.
720 5793 755 5859 i;
782 5793 938 5866 Sytnnracb.
954 5793 1033 5859 libr,

242 5865 322 5933 epist.
339 5859 386 5925 ib,
401 5863 549 5930 eademque
561 5863 647 5918 iorum
664 5863 807 5919 tribuenda
821 5862 908 5930 dixit,
926 5873 955 5918 ut
966 5879 1036 5935 prte-

243 5935 330 5991 bcuda
344 5947 404 6005 qum
418 5946 495 5989 more
507 5932 588 5989 solito
601 5933 798 6002 tribuebantur,
811 5933 857 5990 lib.
882 5950 908 6001 t,
924 5936 1004 6004 epist.
1020 5932 1036 5989 d

1085 4762 1200 4833 amplius
1224 4777 1239 4817 a
1258 4761 1469 4833 provincialibus
1491 4758 1657 4829 extorqueri,
1676 4771 1760 4827 quatu
1785 4768 1884 4812 uomro

1084 4855 1208 4914 cubiculo
1221 4863 1326 4912 constat
1338 4852 1441 4910 iulcrri.
1454 4851 1530 4920 Quod
1545 4849 1665 4920 diligenti
1677 4847 1884 4904 examinatione

1084 4948 1247 5017 discussum,
1261 4947 1295 5002 ad
1314 4946 1386 5003 bunc
1405 4961 1454 5001 vos
1466 4944 1575 4999 modum
1594 4938 1884 5009 iunctionespnbiiras

1084 5056 1214 5096 revocare
1235 5039 1425 5105 decernimus,
1451 5051 1531 5107 quem
1557 5032 1656 5089 Alarici
1681 5040 1762 5101 atque
1789 5025 1883 5084 Eurici

1086 5134 1252 5206 temporibus
1274 5141 1382 5189 constat
1402 5131 1499 5187 illatas.
1515 5125 1745 5183 Paraveredorum
1758 5122 1772 5161 l
1787 5123 1885 5190 itaque

1085 5227 1273 5283 subvectiones
1284 5226 1391 5294 exigere
1403 5238 1466 5286 eos,
1482 5221 1526 5290 qul
1537 5218 1639 5275 babent
1650 5214 1764 5272 veredos
1774 5211 1884 5280 ascrip-

1087 5328 1139 5384 tos,
1151 5316 1355 5387 provincialium
1367 5313 1478 5384 querela
1486 5310 1675 5382 comperimus,
1689 5305 1761 5376 quod
1774 5301 1882 5357 nullum

1086 5409 1194 5479 penitus
1205 5408 1300 5463 sinatis
1322 5420 1504 5477 presumere,
1519 5401 1628 5473 quando
1648 5413 1698 5469 per
1710 5392 1884 5493 turpissimos

1087 5506 1205 5567 questus
1217 5507 1246 5552 ct
1266 5510 1407 5568 possessor
1420 5493 1561 5560 atteritur,
1576 5499 1604 5546 et
1618 5490 1830 5545 commeantium
1841 5494 1885 5535 ee·

1086 5662 1113 5709 el
1123 5652 1382 5778 1ῗὸΙ’)ι1;εξ”ιιιξιέι1ιιιιιιιι
1394 5719 1515 5776 meminit
1527 5724 1555 5773 ει
1568 5713 1615 5772 ini.
1631 5713 1676 5771 lib.
1694 5730 1730 5780 ιι,
1738 5710 1820 5781 epist.
1835 5707 1882 5773 id,

1087 5790 1340 5924 ξὲΙΙΙΙῖὲΙξΙΙΞΙῖΙΙΙιΙΞ.
1355 5792 1388 5848 de
1399 5806 1471 5848 curs.
1486 5788 1560 5862 publ.
1575 5804 1583 5855 ;
1599 5786 1617 5841 i.
1628 5785 1660 5853 Ξ,
1671 5782 1702 5841 C.
1716 5785 1748 5839 de
1759 5796 1873 5852 praepos
