4059 6184
178 253 269 343 §livi

741 248 899 306 mstoltln
920 245 1261 306 delenbruunnen
1282 253 1326 309 tx.

1765 263 1835 323 tlsd

200 366 364 425 tttmdastus
380 373 433 420 tam
449 371 553 434 propter
572 369 710 434 pareutum
726 362 988 431 unbilicrtern'quam
1006 363 1029 420 Α
1043 362 1113 429 gius,
1131 371 1191 430 post
1204 377 1273 432 quus
1293 365 1372 420 etiam
1387 366 1549 425 Athanasius
1562 379 1590 427 et
1605 370 1757 443 Narcissus,
1771 378 1837 435 iiiii-

199 474 248 528 pro
261 456 419 513 tortitudine
444 455 552 524 propria
576 453 804 509 nominatissimus
820 454 987 517 babebatnr;

197 561 225 607 et
236 552 272 607 ob
286 551 356 604 banc
370 561 477 603 causam
493 545 594 600 invidia
609 545 737 599 similium
751 544 872 613 judicum
890 542 988 614 latiga-

198 651 253 705 tos,
270 654 297 693 ιιι
312 639 438 708 hispania
455 636 625 701 morabatur,
642 633 687 688 nbi
712 645 740 689 et
761 643 838 689 ortus
852 633 939 689 inerrat
962 643 990 688 et

198 731 324 787 nutritus.
340 729 462 797 Cumque
483 728 627 797 impuator
639 723 703 794 qaid
723 727 821 781 laceret
836 723 968 779 hesitaret
981 741 988 789 ;

198 835 297 891 qutppe
317 834 377 874 cum
397 818 504 874 barbari
520 816 619 871 eierati
632 815 745 871 rtetorta
771 814 991 884 inexpugnabiles

199 927 261 969 esse
275 911 444 976 viderentur,
456 911 553 965 ducam
568 907 712 965 Theodosii
737 922 851 975 pugnant
875 907 989 961 credidit

200 1001 340 1058 terminati
357 1019 364 1054 :
381 1008 493 1069 repente
507 999 638 1067 stqrndeu
652 1013 713 1052 eum
725 999 760 1052 ab
775 997 909 1067 hispanas
929 1012 992 1052 evo·

198 1105 275 1156 caus,
297 1099 325 1146 et
348 1090 504 1161 magistrum
520 1090 634 1144 mtlitum
657 1103 719 1143 esse
742 1087 914 1152 detruutiaos,
929 1103 991 1142 cum

199 1181 325 1251 expeditu
337 1180 371 1236 ad
386 1181 516 1235 barbaros
527 1178 680 1235 destinavit.
693 1182 726 1234 ht
740 1179 786 1234 ille
800 1179 852 1235 ilde
863 1174 991 1244 ttrttuitris,

199 1276 367 1330 conlidentcr
380 1273 413 1328 nd
433 1273 561 1328 Thracias
574 1282 615 1329 est
631 1275 776 1338 protectus.
793 1273 851 1340 eru
870 1273 933 1326 dum
948 1287 994 1326 te·

201 1366 295 1432 nisset,
311 1365 475 1436 vidissetque
492 1367 631 1430 barbaros,
647 1364 797 1419 exereitum
812 1364 945 1418 ordinavit
959 1364 993 1417 ari

201 1471 328 1528 puguant.
343 1457 544 1529 congressione
558 1471 622 1512 tero
646 1458 727 1522 iacta,
742 1457 869 1524 impetum
888 1455 992 1508 barbari

202 1568 256 1607 uon
272 1554 399 1616 terentes,
414 1568 475 1607 suas
490 1551 564 1607 acies
578 1552 759 1621 reliquerunt:
773 1552 806 1604 Et
821 1551 859 1605 ilii
885 1550 993 1619 quidem

203 1644 350 1716 trrgtebaut,
368 1645 394 1699 hi
408 1660 471 1699 uero
482 1643 587 1698 fortiter
600 1644 792 1713 sequebantur.
806 1642 993 1712 immensaque

1042 467 1098 521 ces,
1115 463 1141 506 ct
1157 454 1200 508 alii
1213 454 1321 524 plurimi
1338 458 1407 513 trrale
1420 459 1520 527 jactata
1535 462 1637 517 sentina
1652 467 1833 526 nutriverunt.

1043 541 1090 596 llis
1119 542 1199 612 igitur
1225 544 1397 615 nequissimis
1421 550 1571 607 cultoribus
1598 552 1648 608 luit
1674 569 1835 627 cooperator

1042 629 1216 688 Constantius
1228 644 1310 704 atque
1323 636 1432 692 Valens.
1450 640 1502 694 Pro
1525 641 1575 698 hac
1587 656 1652 713 ergo
1663 645 1833 704 solummodo

1043 739 1135 790 eausa,
1152 726 1319 783 Theodosius
1331 734 1381 784 sno
1396 731 1566 801 subjacemus
1578 734 1690 805 imperio
1704 738 1835 794 Constan-

1046 816 1185 884 tinopolim
1196 820 1352 888 congregari
1368 823 1496 892 praecepit
1508 824 1659 896 episcopos.
1676 826 1835 885 Tnerroone.

1043 918 1102 970 rus,
1116 906 1160 959 tit.
1177 923 1204 973 v,
1220 924 1278 976 cop.
1292 908 1320 976 6,
1335 927 1362 980 p.
1379 909 1474 967 205..
1541 942 1542 945 =
1623 935 1628 943 ·

1354 1044 1467 1102 cnlbl
1489 1046 1521 1103 V.

1040 1118 1180 1193 'Qrtaamta
1190 1116 1372 1189 Macedoniani
1384 1137 1468 1192 denno
1481 1139 1513 1193 ab
1524 1139 1675 1198 orthodoxia
1687 1146 1762 1202 diuisi
1774 1148 1836 1206 rint.
1851 1188 1855 1195 .

1079 1242 1182 1299 ltrerea
1198 1245 1392 1314 llacedoniani,
1405 1261 1463 1319 post
1480 1250 1638 1322 legationem
1653 1256 1685 1313 ad
1698 1258 1834 1317 Liberium

1043 1334 1214 1400 destinatam,
1227 1339 1364 1410 aliquanto
1384 1353 1503 1413 tempore
1515 1345 1575 1401 sinc
1589 1346 1749 1407 discretione
1759 1367 1836 1407 com·

1045 1427 1220 1483 manicabant
1235 1431 1261 1500 ip
1278 1430 1326 1486 iet
1340 1433 1371 1487 iis
1385 1435 1431 1504 qni
1444 1434 1478 1490 ab
1492 1437 1568 1492 initio
1579 1438 1760 1498 delinitionem
1774 1444 1836 1501 ndei

1045 1517 1160 1573 dicamas
1173 1533 1359 1591 susceperant.
1375 1524 1496 1596 eamque
1514 1529 1557 1585 lea
1573 1528 1700 1600 principis
1715 1532 1836 1592 Gratiani

1047 1607 1183 1665 licentiam
1210 1612 1396 1681 religionibus,
1413 1617 1491 1672 sicuti
1513 1620 1622 1687 veilent,
1639 1632 1838 1682 communicare
1863 1652 1874 1675 r

174 1774 177 1778 ·
201 1736 289 1801 cades
303 1745 366 1791 tunc
379 1737 447 1791 lacta
462 1745 503 1792 est
517 1735 703 1790 barbarorum.
717 1733 843 1790 Plrtrintis
857 1733 938 1805 igitur
952 1733 995 1788 iu·
1009 1723 1033 1782 B
1048 1703 1185 1771 ”mmm
1197 1712 1216 1767 ¹¹
1229 1705 1318 1761 ΜΟ
1331 1717 1392 1761 ⁸⁰⁰²
1406 1709 1483 1765 ‘mi
1497 1726 1504 1776 ἶ
1520 1714 1725 1785 ⁰⁰¹¹ss¹⁰8³¹3q¹¹⁰
1740 1716 1767 1771 ³¹¹
1780 1716 1837 1772 ΛΠ·

201 1826 351 1894 terernptis,
363 1828 508 1897 paucisque
518 1824 633 1880 latenter
646 1825 848 1881 transeuntibus
859 1827 990 1892 llistrnm,

201 1929 263 1969 mox
278 1915 331 1969 dut
356 1916 473 1985 optimus
494 1915 614 1971 exercito
629 1915 751 1984 disperso
765 1914 814 1985 pet·
835 1916 937 1972 vicinas
950 1932 994 1972 ur-

202 2006 261 2072 bes,
275 2009 330 2075 ipse
343 2007 472 2062 velociter
482 2006 612 2061 rentcavit
624 2006 657 2061 ad
669 2006 826 2077 principem,
844 2009 880 2062 ita
893 2017 921 2063 ut
936 2007 994 2076 ipse

197 2098 399 2169 trimuphornm
421 2114 530 2154 suornm
554 2098 663 2154 nuntius
686 2102 847 2161 exstitisset.
861 2099 937 2167 Quod
952 2110 994 2153 ta·

201 2206 263 2245 meu
289 2205 338 2244 uec
363 2189 414 2258 ipsi
437 2190 603 2260 imperatori,
618 2191 682 2246 dum
713 2193 857 2248 ruirarctnr
883 2191 992 2256 iactum,

202 2281 330 2337 credibile
345 2280 497 2337 videbatur.
522 2282 606 2338 invidi
631 2266 764 2352 siquidem
787 2284 866 2338 etiam
894 2282 995 2353 legisse

202 2388 263 2426 cnm
278 2372 413 2438 dicebaut,
427 2383 454 2427 et
467 2375 614 2428 exercitum
630 2374 790 2443 perdidisse.
807 2378 841 2428 ht
856 2375 901 2428 ille
915 2373 995 2428 det-o·

202 2471 298 2532 gaules
311 2463 361 2517 sibi
382 2462 457 2532 petiit
474 2463 563 2534 dirigi,
579 2463 623 2531 qni
638 2463 760 2518 viderent
773 2463 889 2518 hostium
905 2465 1015 2547 multi·=

204 2555 323 2609 tndiuem
339 2567 550 2624 peremptorum.
569 2555 614 2609 llis
630 2555 720 2610 verbis
736 2556 882 2624 imperatur
896 2556 994 2622 herus,

203 2646 300 2700 direait
314 2648 359 2715 qui
376 2661 419 2700 res
433 2658 507 2700 actas
519 2646 693 2714 inspicerent,
707 2647 784 2713 eique
798 2647 994 2701 renuntiarent.

204 2734 288 2789 Porro
303 2736 356 2789 dux
371 2737 490 2805 optimus
505 2737 575 2790 inter
600 2735 658 2789 hac
673 2735 790 2790 divinam
808 2733 940 2791 visionem
954 2733 1004 2789 vi·'

204 2826 252 2891 dit,
263 2838 289 2881 ct
300 2826 335 2880 ab
350 2828 408 2896 ipso
421 2829 573 2897 beoaperte
586 2828 636 2883 sibi
652 2840 838 2883 monstratam.
850 2830 996 2898 Conspexit

204 2920 316 2973 enimin
342 2920 444 2975 soumis
458 2921 521 2990 qnia
546 2930 655 2975 sanctus
677 2922 799 2977 lielctius
821 2923 997 2978 Antiocheno

204 3008 320 3065 civitatis
334 3009 456 3075 antistes,
473 3010 641 3082 chlamydem
665 3011 716 3067 sibi
741 3013 853 3067 vestiret
868 3014 996 3084 imperia·

1046 1795 1164 1861 tiochia,
1179 1806 1330 1853 statuentut
1351 1814 1443 1854 racem
1464 1802 1748 1862 consubstantialitatis
1763 1821 1838 1862 aruo-

1045 1886 1171 1954 vendatn,
1188 1895 1215 1942 et
1229 1882 1417 1944 venerantibus
1432 1888 1568 1947 braama
1596 1892 1675 1949 litlern
1700 1908 1754 1950 nou
1777 1911 1838 1953 esse

1044 1980 1307 2035 communicandum.
1323 1980 1376 2036 Sed
1401 1982 1529 2051 plurimi,
1542 1984 1663 2041 videntes
1677 2000 1770 2042 eorum
1791 2003 1838 2042 ra·

1046 2068 1181 2132 rietatem,
1193 2079 1365 2123 recesserunt
1389 2070 1423 2123 ab
1436 2070 1486 2138 eis,
1508 2080 1536 2127 et
1550 2072 1837 2133 consubstantialitatis

1046 2161 1225 2216 sectatoribus
1250 2171 1311 2216 sunt
1337 2163 1415 2217 uniti.
1441 2162 1599 2234 socnam,
1615 2166 1660 2220 lib.
1679 2183 1715 2234 r,
1730 2185 1788 2239 cap.
1804 2171 1837 2237 ι,

1045 2268 1105 2323 paq.
1118 2250 1181 2307 261.

1347 2384 1458 2448 cheul
1483 2385 1526 2441 tlt.

1048 2474 1181 2541 Quomodo
1203 2474 1359 2531 Tlreodosint
1385 2480 1525 2601 imperator
1546 2477 1733 2536 Thessalonice
1755 2482 1838 2553 napta·-

1379 2564 1409 2599 ιιι
1422 2565 1450 2600 tr·
1466 2567 1487 2601 rr
1501 2584 1509 2601 .

1081 2638 1204 2709 Cumque
1216 2638 1386 2694 Theodosius
1400 2640 1471 2695 bello
1489 2640 1619 2699 barbaros
1632 2655 1795 2715 superasset,
1811 2656 1839 2703 et

1048 2733 1085 2789 illi
1107 2733 1242 2787 Romanos
1267 2734 1369 2788 amicus
1391 2733 1491 2787 habere
1513 2734 1735 2804 deprecarentur,
1757 2753 1854 2803 cansa,

1048 2823 1158 2879 luderis
1168 2822 1287 2894 acceptis
1298 2823 1446 2892 obsidibus,
1459 2823 1677 2882 Tiressalotticam
1691 2830 1772 2884 senil.
1787 2828 1839 2885 bnt

1047 2913 1110 2970 dnm
1127 2914 1153 2969 in
1167 2913 1353 2983 aspritudinem
1371 2913 1538 2981 incurrisset,
1555 2915 1590 2970 ab
1612 2917 1707 2971 heolin
1730 2917 1788 2990 ejus
1801 2922 1840 2973 ci·

1049 3005 1139 3059 vitatis
1161 3008 1290 3074 episeopo
1317 3005 1466 3073 baptizatus
1482 3016 1541 3071 est,
1560 3008 1647 3062 liceta
1663 3011 1840 3079 progenitori·

205 3098 269 3163 lem,
284 3110 310 3155 et
323 3115 421 3154 corona
435 3110 515 3170 caput
535 3109 653 3158 orrrarct.
670 3102 732 3156 ilec
746 3118 806 3156 cnm
823 3111 902 3157 nocte
913 3091 1031 3158 vids-C
1049 3097 1098 3149 bus
1113 3096 1298 3149 Christianum
1314 3096 1409 3165 dogma
1425 3108 1451 3152 et
1472 3097 1551 3152 ludam
1565 3096 1665 3153 Nicaeui
1680 3100 1785 3155 correiiii
1797 3117 1841 3155 se-

204 3196 256 3253 set,
264 3186 369 3242 cuidam
381 3204 459 3243 mane
470 3189 559 3244 retulit
569 3190 714 3244 anticorum
726 3189 994 3263 [Ed.,clericornur].

204 3278 239 3333 Αι
252 3278 297 3334 ille
308 3282 410 3334 elatum
425 3296 486 3337 esse
508 3283 641 3336 somnium
656 3282 734 3348 dixit,
749 3291 777 3337 et
791 3283 858 3337 uttrit
870 3285 997 3354 aenigma-

204 3369 297 3434 licttm,
315 3370 380 3425 nihil
403 3370 515 3427 dubium
537 3372 687 3427 continere.
704 3373 824 3443 Cttntque
839 3376 914 3442 pauci
936 3390 995 3428 tun·

205 3459 269 3513 nino
282 3461 444 3516 transissent
457 3461 524 3523 dies,
539 3463 584 3531 qui
609 3477 658 3532 pru
682 3463 802 3517 victuriae
830 3465 996 3532 inspectione

205 3548 280 3602 missi
313 3548 419 3603 inerant
451 3561 627 3615 remearunt,
655 3564 845 3621 peremptaque
877 3553 995 3606 hostium

205 3643 288 3697 rnnhd
303 3641 386 3696 millia
404 3654 590 3697 narraverunt.
606 3642 786 3709 Quamobrem
802 3645 906 3721 laetatus
920 3641 996 3712 priu-

205 3748 278 3800 ceps,
293 3732 473 3787 'ilreodnsinan
489 3732 553 3789 lecit
574 3735 718 3804 imperator
730 3751 772 3789 m.
786 3735 994 3802 sacramen-s,

205 3826 251 3879 ιιι.
268 3840 303 3891 tv,
315 3840 342 3891 v,
360 3840 397 3890 vt,
412 3842 438 3896 p.
455 3822 516 3882 303.

241 3958 388 4015 Consulatu
406 3961 513 4015 narsuml
530 3970 557 4015 ct
570 3961 663 4016 olibrii
678 3964 739 4034 (ιιι.
753 3966 828 4017 boun
844 3966 918 4033 579),
934 3982 996 4023 sex·

207 4060 231 4102 ta
255 4051 358 4105 dccittra
387 4051 430 4105 die
448 4050 569 4107 larrrtarii
594 4054 702 4108 strenuis.
719 4056 876 4120 Socuahss,
892 4058 937 4111 tt.
963 4075 995 4126 v,

206 4160 264 4212 rnp.
280 4143 307 4209 ζ’,
323 4163 350 4216 p.
362 4143 425 4201 bttl.

1047 3196 1184 3254 quaeretur.
1201 3185 1350 3253 sozontem,
1364 3187 1408 3241 lib.
1426 3203 1470 3254 vn,
1483 3205 1540 3259 cap.
1557 3191 1583 3258 ι,
1596 3206 1622 3260 p.
1636 3188 1698 3244 ibi.

1083 3277 1158 3331 Turre
1171 3278 1252 3347 igitur
1262 3279 1389 3348 baptismi
1402 3280 1511 3347 rnqriens
1525 3292 1634 3353 propter
1644 3282 1783 3340 iudrmitat
1793 3301 1838 3353 ⁴tn,

1046 3368 1331 3424 ltressatouioustaan
1347 3371 1486 3440 requisivit
1506 3373 1678 3441 episcopum,
1698 3375 1839 3444 cujusnam

1048 3460 1109 3514 tadei
1122 3469 1205 3515 essetr
1222 3470 1279 3525 utro
1303 3464 1483 3531 respondente
1498 3466 1625 3531 ‹qurrrtium
1641 3466 1741 3519 Arima
1755 3469 1839 3536 pestis

1048 3550 1074 3604 ln
1089 3550 1225 3620 illyricum
1249 3566 1302 3605 non
1319 3553 1448 3607 ualuisset
1460 3553 1606 3620 accedere,
1620 3555 1666 3609 sed
1681 3556 1838 3612 inviolatam
1867 3540 1868 3543 Ἴ

1047 3641 1081 3694 ab
1095 3641 1171 3695 initio
1186 3640 1265 3695 ddetn
1289 3641 1390 3696 Nieaetri
1409 3644 1517 3698 concilii
1532 3656 1735 3713 conservarent,
1753 3648 1797 3703 ille
1808 3649 1840 3703 li-

1046 3738 1143 3793 benter
1165 3736 1223 3806 ejus
1239 3738 1319 3791 verba
1345 3737 1508 3806 suscipiens,
1525 3739 1675 3804 baptizatus
1700 3750 1781 3811 atque
1805 3743 1840 3797 ab

1047 3830 1207 3900 egritudine
1232 3830 1360 3885 liberatus
1374 3842 1425 3886 est.
1450 3830 1600 3899 Suanetes,
1623 3832 1669 3887 tib.
1696 3847 1724 3899 s,
1740 3833 1840 3903 (ειμι,

1048 3939 1073 3994 p.
1089 3920 1152 3975 ude.

1352 4016 1464 4116 caint
1485 4058 1538 4115 vn.

1247 4153 1379 4226 Profectio
1391 4153 1527 4209 Theodosii
1539 4153 1572 4210 de
1584 4154 1646 4225 fide.

241 4265 404 4334 Traditaqne
430 4265 455 4319 ci
483 4276 648 4332 sceptrorum
678 4276 752 4334 parte
781 4266 918 4334 Valentis,
940 4270 997 4337 ipse
1083 4269 1210 4340 cogitans
1225 4269 1305 4337 igitur
1319 4270 1466 4337 imperator
1479 4268 1540 4338 quis
1562 4268 1659 4323 melios
1682 4277 1755 4324 esset
1779 4283 1842 4339 pro·
1899 4276 1944 4345 ,⁶

206 4356 461 4410 rnsnsaditaliam
491 4356 710 4423 reliit,etillnm
730 4358 764 4413 ad
794 4375 874 4431 regne
899 4363 996 4419 collata
1049 4360 1315 4428 nuntiaresnbjectls
1328 4360 1405 4429 cnjus
1419 4370 1492 4414 esset
1506 4360 1579 4428 bdei,
1592 4376 1625 4414 tre
1636 4360 1773 4416 rideretur
1787 4363 1842 4417 vitu

206 4450 362 4505 transmisit.
387 4450 446 4504 hina
472 4449 553 4518 igitur
568 4457 598 4504 ιιι
626 4451 766 4520 imperinm
792 4457 923 4525 sumpsit,
942 4432 1036 4526 preci)
1048 4452 1147 4513 iacere,
1165 4451 1188 4505 si
1203 4464 1366 4520 quemquam
1382 4448 1471 4505 subito
1486 4451 1599 4504 invitatu
1619 4450 1651 4504 ad
1664 4450 1764 4506 cultum
1780 4452 1852 4515 rett2

206 4542 377 4597 omalbesde
400 4541 543 4596 concordia
561 4541 880 4612 sceleratorumque
904 4548 996 4601 utrius·
1046 4544 1134 4615 glottis
1161 4542 1332 4611 impelleret,
1362 4543 1448 4612 legem
1476 4541 1710 4598 eThessalouica
1739 4546 1840 4615 populo

206 4634 338 4704 citiusque
371 4635 529 4703 presulatus
568 4633 710 4703 episcopos
737 4634 995 4706 Gorrstantiaopulim
1048 4634 1509 4705 Cortstnntirrupolitanoproposuit.
1528 4635 1668 4693 lioceuim
1684 4635 1769 4692 visum
1789 4651 1842 4702 est,
1928 4685 1932 4693 .

205 4726 351 4781 convenire
380 4726 515 4793 arrncepit.
542 4724 605 4780 ttae
627 4724 684 4780 srrla
710 4734 769 4780 erat
795 4726 895 4782 hriano
921 4728 996 4795 plena
1052 4737 1080 4781 nt
1095 4728 1180 4781 relati
1195 4726 1229 4780 de
1243 4725 1357 4794 quadarn
1370 4726 1843 4797 «tritaviaarceorauttrmaubjecm,

208 4819 347 4888 coutaglm
363 4833 424 4873 narn
435 4817 566 4873 ttccideus
578 4818 649 4872 liber
661 4818 694 4871 ab
705 4817 857 4887 hujusmodi
871 4820 998 4888 langere
1049 4816 1164 4887 aliisque
1177 4816 1330 4872 elrluttbua
1342 4816 1478 4872 indicante
1496 4817 1647 4886 scriptura,
1662 4816 1738 4872 neret
1752 4818 1840 4871 maui-

205 4912 414 4982 pumannum
433 4911 566 4967 stantiuus
578 4912 650 4967 euint
670 4913 771 4980 senior,
784 4911 853 4967 illins
865 4911 997 4966 Constan-
1054 4911 1132 4966 iesta.
1147 4910 1228 4981 Culus
1241 4908 1305 4980 legis
1321 4894 1401 4964 rerba
1416 4918 1479 4964 sunt
1492 4909 1566 4966 hee:

212 5009 260 5063 tini
277 5006 397 5075 nrajnris.
408 5016 433 5061 et
446 5004 579 5061 &natans
591 5005 692 5076 iunior,
708 5003 941 5075 paternam'lhlem
958 5008 999 5059 iu·
1053 5001 1136 5075 334
1150 5002 1234 5070 impp.
1250 5001 1402 5064 Gratianus,
1414 4998 1625 5063 valentinianus,
1637 5006 1665 5054 et
1674 4996 1843 5053 Theudosius

208 5107 309 5167 tegram
325 5107 509 5152 serraverunt.
523 5095 626 5151 Rursus
640 5099 719 5151 etiam
736 5095 936 5150 t'atcuttutaum
951 5094 1001 5149 im-
1102 5100 1189 5165 hnqg.
1203 5092 1237 5148 ad
1251 5091 1377 5163 populatu
1388 5090 1463 5146 urbis
1477 5090 1790 5160 corastauttaapotitaaac.

209 5197 316 5254 perator
331 5188 468 5256 llesperiae
491 5187 647 5244 iuriatataru
662 5188 807 5243 canuntur
830 5188 890 5243 lidei
917 5188 1001 5257 pieta·
1090 5186 1208 5241 Cunctos
1223 5187 1334 5254 populos
1344 5198 1411 5253 qnos
1424 5182 1575 5237 cleruentiae
1588 5192 1686 5236 nostras
1697 5181 1764 5251 regit
1779 5191 1845 5236 tern-

208 5289 273 5333 tem.
289 5279 409 5333 deletui·
424 5290 514 5334 antem
539 5288 640 5334 tractus
657 5279 831 5334 multifariam
847 5278 1000 5348 hujusmodi
1055 5287 1249 5352 prrmeulum,
1265 5279 1292 5333 in
1308 5280 1353 5333 tali
1369 5276 1493 5331 volomus
1507 5290 1526 5329 ra
1537 5274 1635 5346 ligiane
1650 5278 1748 5330 retenti
1764 5290 1843 5345 qnam

208 5370 268 5426 tabe
279 5370 431 5439 conapletus
441 5379 492 5425 est.
504 5370 584 5426 nctus
597 5372 668 5426 entur
684 5370 874 5426 ttteraudrtme
887 5372 999 5441 presby·
1054 5373 1174 5429 dirluara
1189 5370 1299 5427 Petram
1313 5369 1463 5440 apostolum
1477 5367 1621 5421 tradidisse
1636 5366 1763 5421 humarus
1780 5367 1843 5420 retl-

208 5472 250 5517 ter
262 5461 379 5517 civitatis
393 5461 463 5517 banc
475 5461 511 5516 ibi
521 5462 614 5532 genuit
624 5461 831 5533 blasphemiam.
845 5461 907 5517 l’ost
918 5476 998 5532 quern
1052 5466 1096 5535 gio
1110 5479 1195 5534 nsque
1210 5477 1281 5517 nrtue
1293 5461 1328 5517 ab
1349 5461 1407 5530 ipso
1423 5458 1556 5514 insinuata
1569 5457 1695 5523 declarat,
1711 5472 1845 5526 quamque

209 5554 352 5621 Eusebius,
366 5553 538 5624 Petrophilus
551 5565 578 5610 et
592 5553 698 5620 hstias,
710 5555 855 5633 Palaestini,
870 5563 898 5610 et
912 5552 1000 5608 Pauli·
1052 5555 1206 5627 pontificem
1218 5554 1360 5608 Damasum
1371 5553 1446 5624 sequi
1462 5553 1557 5619 claret,
1571 5563 1596 5611 et
1609 5552 1717 5609 Petrum
1729 5553 1844 5608 hieran·

208 5656 347 5719 uusatque
359 5646 516 5719 Gregorius,
529 5645 682 5716 Phoenices,
692 5658 719 5703 et
730 5646 902 5704 baediccusis
912 5645 1000 5702 Theo·
1053 5646 1119 5702 dria
1131 5646 1304 5716 episcopum,
1318 5644 1406 5702 virnut
1434 5644 1586 5715 apostoticae
1609 5643 1777 5699 sanctitatis:
1794 5644 1846 5701 luc

205 5742 289 5800 vtlotns
302 5744 366 5819 [lla.
379 5744 534 5816 santheod..
543 5743 720 5817 Theodolusl,
732 5758 848 5816 eamque
863 5742 905 5803 bis
916 5740 1000 5801 Geor·
1053 5746 1111 5810 est,
1125 5748 1153 5796 ut
1165 5737 1312 5802 meandum
1337 5740 1509 5810 apostoliam
1525 5735 1694 5805 disciplinam
1707 5737 1840 5811 evangeli·
