<?xml version="1.0" encoding="UTF-8"?>
<!DOCTYPE html PUBLIC "-//W3C//DTD XHTML 1.0 Transitional//EN"
    "http://www.w3.org/TR/xhtml1/DTD/xhtml1-transitional.dtd">
<html xmlns="http://www.w3.org/1999/xhtml" xml:lang="en" lang="en">
 <head>
  <title>
</title>
<meta http-equiv="Content-Type" content="text/html;charset=utf-8" />
  <meta name='ocr-system' content='tesseract 3.04.00' />
  <meta name='ocr-capabilities' content='ocr_page ocr_carea ocr_par ocr_line ocrx_word'/>
</head>
<body>
  <div class='ocr_page' id='page_1' title='image "./patrologiaecurs144unkngoog_0663.png"; bbox 0 0 4059 6184; ppageno 0'>
   <div class='ocr_carea' id='block_1_1' title="bbox 213 271 1851 353">
    <p class='ocr_par' dir='ltr' id='par_1_1' title="bbox 213 271 1851 353">
     <span class='ocr_line' id='line_1_1' title="bbox 213 271 1851 353; baseline -0.002 -18"><span class='ocrx_word' id='word_1_1' title='bbox 213 288 282 345; x_wconf 66' lang='lat' dir='ltr'><strong>rann</strong></span> <span class='ocrx_word' id='word_1_2' title='bbox 449 295 451 298; x_wconf 95' lang='lat'>·</span> <span class='ocrx_word' id='word_1_3' title='bbox 559 275 673 353; x_wconf 75' lang='lat' dir='ltr'><strong>viiiiiisii</strong></span> <span class='ocrx_word' id='word_1_4' title='bbox 691 271 905 333; x_wconf 77' lang='lat' dir='ltr'><strong>instruens</strong></span> <span class='ocrx_word' id='word_1_5' title='bbox 923 273 956 346; x_wconf 76' lang='lat' dir='ltr'><strong>iii</strong></span> <span class='ocrx_word' id='word_1_6' title='bbox 982 272 1115 331; x_wconf 85' lang='lat' dir='ltr'><strong>rninnn</strong></span> <span class='ocrx_word' id='word_1_7' title='bbox 1135 272 1336 333; x_wconf 80' lang='lat' dir='ltr'><strong>cassiopam</strong></span> <span class='ocrx_word' id='word_1_8' title='bbox 1355 276 1486 336; x_wconf 80' lang='lat' dir='ltr'><strong>renuit</strong></span> <span class='ocrx_word' id='word_1_9' title='bbox 1779 273 1851 332; x_wconf 81' lang='lat' dir='ltr'><strong>taos</strong></span> 
     </span>
    </p>
   </div>
   <div class='ocr_carea' id='block_1_2' title="bbox 211 386 1855 1686">
    <p class='ocr_par' dir='ltr' id='par_1_2' title="bbox 211 386 1854 1374">
     <span class='ocr_line' id='line_1_2' title="bbox 211 386 1853 462; baseline -0.01 -6"><span class='ocrx_word' id='word_1_10' title='bbox 211 406 260 455; x_wconf 82' lang='lat' dir='ltr'><strong>iris</strong></span> <span class='ocrx_word' id='word_1_11' title='bbox 274 391 428 455; x_wconf 76' lang='lat' dir='ltr'><strong>viduitatem</strong></span> <span class='ocrx_word' id='word_1_12' title='bbox 459 390 574 450; x_wconf 74' lang='lat' dir='ltr'><strong>(trientis</strong></span> <span class='ocrx_word' id='word_1_13' title='bbox 587 393 700 462; x_wconf 88' lang='lat' dir='ltr'><strong>principi</strong></span> <span class='ocrx_word' id='word_1_14' title='bbox 721 389 933 453; x_wconf 59' lang='lat' dir='ltr'><strong>commendarim</strong></span> <span class='ocrx_word' id='word_1_15' title='bbox 948 387 997 442; x_wconf 87' lang='lat' dir='ltr'><strong>sed</strong></span> <span class='ocrx_word' id='word_1_16' title='bbox 1012 396 1039 452; x_wconf 73' lang='grc' dir='ltr'><strong>Α</strong></span> <span class='ocrx_word' id='word_1_17' title='bbox 1052 388 1142 441; x_wconf 87' lang='lat' dir='ltr'><strong>datum</strong></span> <span class='ocrx_word' id='word_1_18' title='bbox 1167 402 1259 454; x_wconf 81' lang='lat' dir='ltr'><strong>regem</strong></span> <span class='ocrx_word' id='word_1_19' title='bbox 1283 387 1346 461; x_wconf 80' lang='lat' dir='ltr'><strong>[et.</strong></span> <span class='ocrx_word' id='word_1_20' title='bbox 1362 390 1453 445; x_wconf 87' lang='lat' dir='ltr'><strong>occiso</strong></span> <span class='ocrx_word' id='word_1_21' title='bbox 1466 386 1645 444; x_wconf 79' lang='lat' dir='ltr'><strong>&#39;l&#39;heedahato</strong></span> <span class='ocrx_word' id='word_1_22' title='bbox 1660 401 1746 458; x_wconf 88' lang='lat' dir='ltr'><strong>rege,</strong></span> <span class='ocrx_word' id='word_1_23' title='bbox 1763 388 1809 459; x_wconf 88' lang='lat' dir='ltr'><strong>qui</strong></span> <span class='ocrx_word' id='word_1_24' title='bbox 1834 401 1853 445; x_wconf 82' lang='lat' dir='ltr'><strong>a</strong></span> 
     </span>
     <span class='ocr_line' id='line_1_3' title="bbox 211 457 1854 528; baseline -0.007 -4"><span class='ocrx_word' id='word_1_25' title='bbox 211 471 236 524; x_wconf 92' lang='lat' dir='ltr'><strong>in</strong></span> <span class='ocrx_word' id='word_1_26' title='bbox 251 471 324 526; x_wconf 86' lang='lat' dir='ltr'><strong>brevi</strong></span> <span class='ocrx_word' id='word_1_27' title='bbox 341 466 537 523; x_wconf 78' lang='lat' dir='ltr'><strong>infelicissimus</strong></span> <span class='ocrx_word' id='word_1_28' title='bbox 561 462 703 516; x_wconf 87' lang='lat' dir='ltr'><strong>immatura</strong></span> <span class='ocrx_word' id='word_1_29' title='bbox 727 468 813 514; x_wconf 87' lang='lat' dir='ltr'><strong>morte</strong></span> <span class='ocrx_word' id='word_1_30' title='bbox 835 465 997 525; x_wconf 77' lang='lat' dir='ltr'><strong>praesenlltS,</strong></span> <span class='ocrx_word' id='word_1_31' title='bbox 1053 472 1115 528; x_wconf 81' lang='lat' dir='ltr'><strong>ruge</strong></span> <span class='ocrx_word' id='word_1_32' title='bbox 1130 458 1228 513; x_wconf 86' lang='lat' dir='ltr'><strong>inissiis</strong></span> <span class='ocrx_word' id='word_1_33' title='bbox 1242 457 1454 525; x_wconf 70' lang='lat' dir='ltr'><strong>adveniebanni</strong></span> <span class='ocrx_word' id='word_1_34' title='bbox 1468 459 1556 514; x_wconf 83' lang='lat' dir='ltr'><strong>adlice</strong></span> <span class='ocrx_word' id='word_1_35' title='bbox 1569 460 1596 512; x_wconf 93' lang='lat' dir='ltr'><strong>in</strong></span> <span class='ocrx_word' id='word_1_36' title='bbox 1610 462 1714 522; x_wconf 86' lang='lat' dir='ltr'><strong>campis</strong></span> <span class='ocrx_word' id='word_1_37' title='bbox 1761 460 1854 515; x_wconf 88' lang='lat' dir='ltr'><strong>rhari·</strong></span> 
     </span>
     <span class='ocr_line' id='line_1_4' title="bbox 211 526 1853 599; baseline -0.008 -3"><span class='ocrx_word' id='word_1_38' title='bbox 211 541 290 596; x_wconf 84' lang='lat' dir='ltr'><strong>rehus</strong></span> <span class='ocrx_word' id='word_1_39' title='bbox 312 538 436 593; x_wconf 84' lang='lat' dir='ltr'><strong>lrirmairis</strong></span> <span class='ocrx_word' id='word_1_40' title='bbox 456 534 582 591; x_wconf 77' lang='lat' dir='ltr'><strong>excessit.</strong></span> <span class='ocrx_word' id='word_1_41' title='bbox 597 531 665 587; x_wconf 80' lang='lat' dir='ltr'><strong>Turn</strong></span> <span class='ocrx_word' id='word_1_42' title='bbox 689 541 786 597; x_wconf 81' lang='grc' dir='ltr'>ιιιιιιι,</span> <span class='ocrx_word' id='word_1_43' title='bbox 798 545 833 585; x_wconf 90' lang='lat' dir='ltr'><strong>ne</strong></span> <span class='ocrx_word' id='word_1_44' title='bbox 852 546 900 596; x_wconf 89' lang='lat' dir='ltr'><strong>pre</strong></span> <span class='ocrx_word' id='word_1_45' title='bbox 920 544 1001 582; x_wconf 81' lang='lat' dir='ltr'><strong>seins</strong></span> <span class='ocrx_word' id='word_1_46' title='bbox 1052 529 1092 583; x_wconf 92' lang='lat' dir='ltr'><strong>cis</strong></span> <span class='ocrx_word' id='word_1_47' title='bbox 1111 539 1180 592; x_wconf 87' lang='lat' dir='ltr'><strong>erat,</strong></span> <span class='ocrx_word' id='word_1_48' title='bbox 1202 526 1323 598; x_wconf 88' lang='lat' dir='ltr'><strong>witigim</strong></span> <span class='ocrx_word' id='word_1_49' title='bbox 1341 531 1446 599; x_wconf 84' lang='lat' dir='ltr'><strong>populis</strong></span> <span class='ocrx_word' id='word_1_50' title='bbox 1459 530 1573 585; x_wconf 91' lang='lat' dir='ltr'><strong>nuntiat.</strong></span> <span class='ocrx_word' id='word_1_51' title='bbox 1590 530 1664 585; x_wconf 89' lang='lat' dir='ltr'><strong>inter</strong></span> <span class='ocrx_word' id='word_1_52' title='bbox 1678 527 1736 584; x_wconf 77' lang='lat' dir='ltr'><strong>base</strong></span> <span class='ocrx_word' id='word_1_53' title='bbox 1751 529 1853 584; x_wconf 82' lang='lat' dir='ltr'><strong>licaia-</strong></span> 
     </span>
     <span class='ocr_line' id='line_1_5' title="bbox 211 598 1852 676; baseline -0.007 -10"><span class='ocrx_word' id='word_1_54' title='bbox 211 614 251 665; x_wconf 85' lang='lat' dir='ltr'><strong>sui</strong></span> <span class='ocrx_word' id='word_1_55' title='bbox 277 611 447 676; x_wconf 85' lang='lat' dir='ltr'><strong>lragilitatea</strong></span> <span class='ocrx_word' id='word_1_56' title='bbox 472 604 566 659; x_wconf 87' lang='lat' dir='ltr'><strong>Gothis</strong></span> <span class='ocrx_word' id='word_1_57' title='bbox 589 612 882 672; x_wconf 86' lang='lat' dir='ltr'><strong>sperne:etnr,secum</strong></span> <span class='ocrx_word' id='word_1_58' title='bbox 899 599 1002 654; x_wconf 90' lang='lat' dir='ltr'><strong>delihe·</strong></span> <span class='ocrx_word' id='word_1_59' title='bbox 1053 598 1377 655; x_wconf 81' lang='lat' dir='ltr'><strong>nuserercitusemenso</strong></span> <span class='ocrx_word' id='word_1_60' title='bbox 1399 602 1479 665; x_wconf 85' lang='lat' dir='ltr'><strong>lietu,</strong></span> <span class='ocrx_word' id='word_1_61' title='bbox 1503 599 1681 674; x_wconf 82' lang='lat' dir='ltr'><strong>Campaniam</strong></span> <span class='ocrx_word' id='word_1_62' title='bbox 1706 599 1852 665; x_wconf 80' lang='lat' dir='ltr'><strong>accedens,</strong></span> 
     </span>
     <span class='ocr_line' id='line_1_6' title="bbox 211 669 1854 744; baseline -0.01 -8"><span class='ocrx_word' id='word_1_63' title='bbox 211 679 284 744; x_wconf 81' lang='lat' dir='ltr'><strong>raris.</strong></span> <span class='ocrx_word' id='word_1_64' title='bbox 308 680 475 735; x_wconf 81' lang='lat' dir='ltr'><strong>Theodatum</strong></span> <span class='ocrx_word' id='word_1_65' title='bbox 502 674 692 729; x_wconf 88' lang='lat' dir='ltr'><strong>consobrinum</strong></span> <span class='ocrx_word' id='word_1_66' title='bbox 714 686 792 726; x_wconf 87' lang='lat' dir='ltr'><strong>suum</strong></span> <span class='ocrx_word' id='word_1_67' title='bbox 815 670 1001 739; x_wconf 74' lang='lat' dir='ltr'><strong>germanitatis</strong></span> <span class='ocrx_word' id='word_1_68' title='bbox 1053 672 1237 738; x_wconf 81' lang='lat' dir='ltr'><strong>subuersaqne</strong></span> <span class='ocrx_word' id='word_1_69' title='bbox 1249 669 1370 734; x_wconf 83' lang='lat' dir='ltr'><strong>Neapoli,</strong></span> <span class='ocrx_word' id='word_1_70' title='bbox 1389 673 1501 726; x_wconf 83' lang='lat' dir='ltr'><strong>ilomam</strong></span> <span class='ocrx_word' id='word_1_71' title='bbox 1517 670 1686 740; x_wconf 75' lang='lat' dir='ltr'><strong>ingreditnr3</strong></span> <span class='ocrx_word' id='word_1_72' title='bbox 1701 672 1775 725; x_wconf 85' lang='lat' dir='ltr'><strong>unde</strong></span> <span class='ocrx_word' id='word_1_73' title='bbox 1788 682 1854 725; x_wconf 72' lang='lat' dir='ltr'><strong>ante</strong></span> 
     </span>
     <span class='ocr_line' id='line_1_7' title="bbox 211 740 1850 820; baseline -0.008 -14"><span class='ocrx_word' id='word_1_74' title='bbox 211 754 295 820; x_wconf 84' lang='lat' dir='ltr'><strong>gratia</strong></span> <span class='ocrx_word' id='word_1_75' title='bbox 310 751 469 807; x_wconf 85' lang='lat' dir='ltr'><strong>accersitum</strong></span> <span class='ocrx_word' id='word_1_76' title='bbox 482 761 496 799; x_wconf 92' lang='lat' dir='ltr'><strong>a</strong></span> <span class='ocrx_word' id='word_1_77' title='bbox 511 744 637 807; x_wconf 79' lang='lat' dir='ltr'><strong>Theseia,</strong></span> <span class='ocrx_word' id='word_1_78' title='bbox 650 743 694 797; x_wconf 92' lang='lat' dir='ltr'><strong>ulii</strong></span> <span class='ocrx_word' id='word_1_79' title='bbox 708 744 808 811; x_wconf 80' lang='lat' dir='ltr'><strong>privata</strong></span> <span class='ocrx_word' id='word_1_80' title='bbox 819 743 872 795; x_wconf 87' lang='lat' dir='ltr'><strong>rita</strong></span> <span class='ocrx_word' id='word_1_81' title='bbox 889 741 1000 809; x_wconf 89' lang='lat' dir='ltr'><strong>degens,</strong></span> <span class='ocrx_word' id='word_1_82' title='bbox 1054 753 1155 809; x_wconf 89' lang='lat' dir='ltr'><strong>paucos</strong></span> <span class='ocrx_word' id='word_1_83' title='bbox 1167 740 1226 796; x_wconf 87' lang='lat' dir='ltr'><strong>dies</strong></span> <span class='ocrx_word' id='word_1_84' title='bbox 1245 755 1292 794; x_wconf 83' lang='lat' dir='ltr'><strong>rei</strong></span> <span class='ocrx_word' id='word_1_85' title='bbox 1307 740 1414 811; x_wconf 86' lang='lat' dir='ltr'><strong>witigis</strong></span> <span class='ocrx_word' id='word_1_86' title='bbox 1426 756 1568 811; x_wconf 79' lang='lat' dir='ltr'><strong>egressus,</strong></span> <span class='ocrx_word' id='word_1_87' title='bbox 1586 741 1741 797; x_wconf 85' lang='lat' dir='ltr'><strong>llaieunam</strong></span> <span class='ocrx_word' id='word_1_88' title='bbox 1757 743 1850 808; x_wconf 84' lang='lat' dir='ltr'><strong>prule-</strong></span> 
     </span>
     <span class='ocr_line' id='line_1_8' title="bbox 212 809 1851 893; baseline -0.007 -17"><span class='ocrx_word' id='word_1_89' title='bbox 212 825 238 876; x_wconf 82' lang='grc' dir='ltr'><strong>ιιι</strong></span> <span class='ocrx_word' id='word_1_90' title='bbox 253 821 389 877; x_wconf 80' lang='lat' dir='ltr'><strong>lainnbns</strong></span> <span class='ocrx_word' id='word_1_91' title='bbox 400 819 476 893; x_wconf 68' lang='lat' dir='ltr'><strong>[terte</strong></span> <span class='ocrx_word' id='word_1_92' title='bbox 487 818 513 870; x_wconf 93' lang='lat' dir='ltr'><strong>in</strong></span> <span class='ocrx_word' id='word_1_93' title='bbox 525 814 635 878; x_wconf 88' lang='lat' dir='ltr'><strong>laribus,</strong></span> <span class='ocrx_word' id='word_1_94' title='bbox 648 824 674 866; x_wconf 86' lang='lat' dir='ltr'><strong>nt</strong></span> <span class='ocrx_word' id='word_1_95' title='bbox 688 816 714 867; x_wconf 89' lang='lat' dir='ltr'><strong>iii</strong></span> <span class='ocrx_word' id='word_1_96' title='bbox 724 814 770 868; x_wconf 87' lang='lat' dir='ltr'><strong>lie.</strong></span> <span class='ocrx_word' id='word_1_97' title='bbox 788 827 796 866; x_wconf 95' lang='lat' dir='ltr'><strong>i</strong></span> <span class='ocrx_word' id='word_1_98' title='bbox 811 811 888 878; x_wconf 81' lang='lat' dir='ltr'><strong>Ver„</strong></span> <span class='ocrx_word' id='word_1_99' title='bbox 901 828 943 879; x_wconf 86' lang='lat' dir='ltr'><strong>cp.</strong></span> <span class='ocrx_word' id='word_1_100' title='bbox 955 809 1002 882; x_wconf 73' lang='grc' dir='ltr'><strong>δι]</strong></span> <span class='ocrx_word' id='word_1_101' title='bbox 1053 819 1125 870; x_wconf 88' lang='lat' dir='ltr'><strong>etus.</strong></span> <span class='ocrx_word' id='word_1_102' title='bbox 1137 810 1348 867; x_wconf 78' lang='lat' dir='ltr'><strong>Malliasnentam</strong></span> <span class='ocrx_word' id='word_1_103' title='bbox 1365 813 1447 867; x_wconf 84' lang='lat' dir='ltr'><strong>liliam</strong></span> <span class='ocrx_word' id='word_1_104' title='bbox 1463 811 1692 878; x_wconf 70' lang='lat' dir='ltr'><strong>hiriilasoenthe,</strong></span> <span class='ocrx_word' id='word_1_105' title='bbox 1719 811 1851 866; x_wconf 81' lang='lat' dir='ltr'><strong>Theode-</strong></span> 
     </span>
     <span class='ocr_line' id='line_1_9' title="bbox 212 882 1853 962; baseline -0.007 -15"><span class='ocrx_word' id='word_1_106' title='bbox 212 894 327 962; x_wconf 89' lang='lat' dir='ltr'><strong>propriis</strong></span> <span class='ocrx_word' id='word_1_107' title='bbox 339 889 410 955; x_wconf 83' lang='lat' dir='ltr'><strong>erat,</strong></span> <span class='ocrx_word' id='word_1_108' title='bbox 433 895 458 944; x_wconf 89' lang='lat' dir='ltr'><strong>in</strong></span> <span class='ocrx_word' id='word_1_109' title='bbox 474 901 584 956; x_wconf 80' lang='lat' dir='ltr'><strong>regnum</strong></span> <span class='ocrx_word' id='word_1_110' title='bbox 610 883 765 938; x_wconf 84' lang='lat' dir='ltr'><strong>collocarit.</strong></span> <span class='ocrx_word' id='word_1_111' title='bbox 785 882 835 951; x_wconf 89' lang='lat' dir='ltr'><strong>Qui</strong></span> <span class='ocrx_word' id='word_1_112' title='bbox 859 884 1003 944; x_wconf 80' lang='lat' dir='ltr'><strong>immernor</strong></span> <span class='ocrx_word' id='word_1_113' title='bbox 1055 882 1103 936; x_wconf 89' lang='lat' dir='ltr'><strong>rici</strong></span> <span class='ocrx_word' id='word_1_114' title='bbox 1114 883 1248 949; x_wconf 91' lang='lat' dir='ltr'><strong>quondam</strong></span> <span class='ocrx_word' id='word_1_115' title='bbox 1265 886 1336 950; x_wconf 80' lang='lat' dir='ltr'><strong>regis</strong></span> <span class='ocrx_word' id='word_1_116' title='bbox 1350 894 1468 953; x_wconf 90' lang='lat' dir='ltr'><strong>neptem,</strong></span> <span class='ocrx_word' id='word_1_117' title='bbox 1481 885 1532 938; x_wconf 89' lang='lat' dir='ltr'><strong>sihi</strong></span> <span class='ocrx_word' id='word_1_118' title='bbox 1549 885 1574 937; x_wconf 94' lang='lat' dir='ltr'><strong>in</strong></span> <span class='ocrx_word' id='word_1_119' title='bbox 1588 883 1790 937; x_wconf 83' lang='lat' dir='ltr'><strong>matrimonium</strong></span> <span class='ocrx_word' id='word_1_120' title='bbox 1804 898 1853 935; x_wconf 87' lang='lat' dir='ltr'><strong>so·</strong></span> 
     </span>
     <span class='ocr_line' id='line_1_10' title="bbox 212 951 1852 1033; baseline -0.006 -16"><span class='ocrx_word' id='word_1_121' title='bbox 212 963 460 1033; x_wconf 68' lang='lat' dir='ltr'><strong>‹eurisangninitatis</strong></span> <span class='ocrx_word' id='word_1_122' title='bbox 479 967 538 1027; x_wconf 88' lang='lat' dir='ltr'><strong>pust</strong></span> <span class='ocrx_word' id='word_1_123' title='bbox 551 958 719 1025; x_wconf 84' lang='lat' dir='ltr'><strong>aliquantum</strong></span> <span class='ocrx_word' id='word_1_124' title='bbox 745 964 852 1020; x_wconf 72' lang='lat' dir='ltr'><strong>teinpus</strong></span> <span class='ocrx_word' id='word_1_125' title='bbox 872 967 888 1007; x_wconf 90' lang='lat' dir='ltr'><strong>a</strong></span> <span class='ocrx_word' id='word_1_126' title='bbox 904 952 1004 1022; x_wconf 88' lang='lat' dir='ltr'><strong>palatiu</strong></span> <span class='ocrx_word' id='word_1_127' title='bbox 1055 951 1150 1007; x_wconf 83' lang='lat' dir='ltr'><strong>cierat.</strong></span> <span class='ocrx_word' id='word_1_128' title='bbox 1175 951 1297 1022; x_wconf 86' lang='lat' dir='ltr'><strong>Gaioque</strong></span> <span class='ocrx_word' id='word_1_129' title='bbox 1310 954 1351 1008; x_wconf 88' lang='lat' dir='ltr'><strong>his</strong></span> <span class='ocrx_word' id='word_1_130' title='bbox 1367 953 1443 1009; x_wconf 85' lang='lat' dir='ltr'><strong>nuris</strong></span> <span class='ocrx_word' id='word_1_131' title='bbox 1458 953 1559 1022; x_wconf 89' lang='lat' dir='ltr'><strong>nuptiis</strong></span> <span class='ocrx_word' id='word_1_132' title='bbox 1573 953 1734 1018; x_wconf 78' lang='lat' dir='ltr'><strong>delectatus,</strong></span> <span class='ocrx_word' id='word_1_133' title='bbox 1756 952 1852 1007; x_wconf 83' lang='lat' dir='ltr'><strong>aulam</strong></span> 
     </span>
     <span class='ocr_line' id='line_1_11' title="bbox 212 1022 1854 1093; baseline -0.007 -6"><span class='ocrx_word' id='word_1_134' title='bbox 212 1035 367 1089; x_wconf 83' lang='lat' dir='ltr'><strong>lla&#39;rermaie</strong></span> <span class='ocrx_word' id='word_1_135' title='bbox 386 1034 565 1088; x_wconf 78' lang='lat' dir='ltr'><strong>abstractam,</strong></span> <span class='ocrx_word' id='word_1_136' title='bbox 582 1028 607 1081; x_wconf 95' lang='lat' dir='ltr'><strong>in</strong></span> <span class='ocrx_word' id='word_1_137' title='bbox 631 1024 809 1080; x_wconf 90' lang='lat' dir='ltr'><strong>insulamlaci</strong></span> <span class='ocrx_word' id='word_1_138' title='bbox 838 1023 1003 1077; x_wconf 81' lang='lat' dir='ltr'><strong>bulsinensis</strong></span> <span class='ocrx_word' id='word_1_139' title='bbox 1056 1024 1156 1090; x_wconf 86' lang='lat' dir='ltr'><strong>regiam</strong></span> <span class='ocrx_word' id='word_1_140' title='bbox 1178 1022 1250 1078; x_wconf 87' lang='lat' dir='ltr'><strong>iuret</strong></span> <span class='ocrx_word' id='word_1_141' title='bbox 1273 1022 1420 1088; x_wconf 78' lang='lat' dir='ltr'><strong>Raicnnae,</strong></span> <span class='ocrx_word' id='word_1_142' title='bbox 1450 1025 1533 1079; x_wconf 81' lang='lat' dir='ltr'><strong>Roma</strong></span> <span class='ocrx_word' id='word_1_143' title='bbox 1558 1038 1683 1093; x_wconf 88' lang='lat' dir='ltr'><strong>egressus</strong></span> <span class='ocrx_word' id='word_1_144' title='bbox 1703 1023 1854 1091; x_wconf 83' lang='lat' dir='ltr'><strong>imperialis</strong></span> 
     </span>
     <span class='ocr_line' id='line_1_12' title="bbox 211 1092 1853 1171; baseline -0.006 -15"><span class='ocrx_word' id='word_1_145' title='bbox 211 1120 269 1164; x_wconf 77' lang='lat' dir='ltr'><strong>eain</strong></span> <span class='ocrx_word' id='word_1_146' title='bbox 283 1099 379 1159; x_wconf 81' lang='lat' dir='ltr'><strong>exsilio</strong></span> <span class='ocrx_word' id='word_1_147' title='bbox 393 1102 530 1171; x_wconf 84' lang='lat' dir='ltr'><strong>relegauit.</strong></span> <span class='ocrx_word' id='word_1_148' title='bbox 548 1097 598 1152; x_wconf 85' lang='lat' dir='ltr'><strong>Ubi</strong></span> <span class='ocrx_word' id='word_1_149' title='bbox 620 1097 797 1166; x_wconf 88' lang='lat' dir='ltr'><strong>paucissimos</strong></span> <span class='ocrx_word' id='word_1_150' title='bbox 808 1094 866 1148; x_wconf 89' lang='lat' dir='ltr'><strong>dies</strong></span> <span class='ocrx_word' id='word_1_151' title='bbox 878 1093 940 1167; x_wconf 77' lang='lat' dir='ltr'><strong>[ab.</strong></span> <span class='ocrx_word' id='word_1_152' title='bbox 953 1092 1004 1149; x_wconf 85' lang='lat' dir='ltr'><strong>tlhi</strong></span> <span class='ocrx_word' id='word_1_153' title='bbox 1055 1093 1205 1157; x_wconf 71' lang='lat' dir='ltr'><strong>exercitus,</strong></span> <span class='ocrx_word' id='word_1_154' title='bbox 1220 1095 1322 1148; x_wconf 91' lang='lat' dir='ltr'><strong>inimita</strong></span> <span class='ocrx_word' id='word_1_155' title='bbox 1346 1095 1485 1163; x_wconf 88' lang='lat' dir='ltr'><strong>utriusque</strong></span> <span class='ocrx_word' id='word_1_156' title='bbox 1505 1094 1630 1148; x_wconf 72' lang='lat' dir='ltr'><strong>Tliuseise</strong></span> <span class='ocrx_word' id='word_1_157' title='bbox 1652 1094 1708 1149; x_wconf 88' lang='lat' dir='ltr'><strong>loca</strong></span> <span class='ocrx_word' id='word_1_158' title='bbox 1738 1092 1853 1148; x_wconf 83' lang='lat' dir='ltr'><strong>invadit.</strong></span> 
     </span>
     <span class='ocr_line' id='line_1_13' title="bbox 212 1162 1854 1238; baseline -0.008 -8"><span class='ocrx_word' id='word_1_159' title='bbox 212 1174 403 1230; x_wconf 75' lang='lat' dir='ltr'><strong>antalasuniin</strong></span> <span class='ocrx_word' id='word_1_160' title='bbox 418 1173 509 1237; x_wconf 82' lang='lat' dir='ltr'><strong>plures</strong></span> <span class='ocrx_word' id='word_1_161' title='bbox 523 1168 591 1234; x_wconf 84' lang='lat' dir='ltr'><strong>dies,</strong></span> <span class='ocrx_word' id='word_1_162' title='bbox 603 1164 665 1238; x_wconf 72' lang='lat' dir='ltr'><strong>atel</strong></span> <span class='ocrx_word' id='word_1_163' title='bbox 677 1169 703 1221; x_wconf 94' lang='lat' dir='ltr'><strong>in</strong></span> <span class='ocrx_word' id='word_1_164' title='bbox 719 1165 828 1220; x_wconf 75' lang='lat' dir='ltr'><strong>tristitia</strong></span> <span class='ocrx_word' id='word_1_165' title='bbox 840 1165 955 1237; x_wconf 86' lang='lat' dir='ltr'><strong>degens,</strong></span> <span class='ocrx_word' id='word_1_166' title='bbox 970 1166 1004 1220; x_wconf 88' lang='lat' dir='ltr'><strong>ab</strong></span> <span class='ocrx_word' id='word_1_167' title='bbox 1057 1162 1132 1230; x_wconf 77' lang='lat' dir='ltr'><strong>Quod</strong></span> <span class='ocrx_word' id='word_1_168' title='bbox 1147 1177 1260 1220; x_wconf 87' lang='lat' dir='ltr'><strong>cernens</strong></span> <span class='ocrx_word' id='word_1_169' title='bbox 1285 1179 1332 1233; x_wconf 90' lang='lat' dir='ltr'><strong>per</strong></span> <span class='ocrx_word' id='word_1_170' title='bbox 1351 1165 1458 1221; x_wconf 89' lang='lat' dir='ltr'><strong>iiuntius</strong></span> <span class='ocrx_word' id='word_1_171' title='bbox 1481 1163 1598 1234; x_wconf 82' lang='lat' dir='ltr'><strong>witigis,</strong></span> <span class='ocrx_word' id='word_1_172' title='bbox 1615 1162 1786 1220; x_wconf 83' lang='lat' dir='ltr'><strong>cumunilam</strong></span> <span class='ocrx_word' id='word_1_173' title='bbox 1800 1163 1854 1218; x_wconf 84' lang='lat' dir='ltr'><strong>da·</strong></span> 
     </span>
     <span class='ocr_line' id='line_1_14' title="bbox 212 1232 1853 1315; baseline -0.009 -14"><span class='ocrx_word' id='word_1_174' title='bbox 212 1246 271 1315; x_wconf 85' lang='lat' dir='ltr'><strong>ejus</strong></span> <span class='ocrx_word' id='word_1_175' title='bbox 283 1244 444 1301; x_wconf 89' lang='lat' dir='ltr'><strong>satellitibus</strong></span> <span class='ocrx_word' id='word_1_176' title='bbox 458 1243 486 1297; x_wconf 92' lang='lat' dir='ltr'><strong>in</strong></span> <span class='ocrx_word' id='word_1_177' title='bbox 501 1242 596 1294; x_wconf 89' lang='lat' dir='ltr'><strong>balneo</strong></span> <span class='ocrx_word' id='word_1_178' title='bbox 610 1246 653 1293; x_wconf 86' lang='lat' dir='ltr'><strong>est</strong></span> <span class='ocrx_word' id='word_1_179' title='bbox 667 1236 844 1307; x_wconf 87' lang='lat' dir='ltr'><strong>strangulata.</strong></span> <span class='ocrx_word' id='word_1_180' title='bbox 1057 1249 1116 1288; x_wconf 91' lang='lat' dir='ltr'><strong>cein</strong></span> <span class='ocrx_word' id='word_1_181' title='bbox 1129 1232 1276 1289; x_wconf 88' lang='lat' dir='ltr'><strong>Gothorum</strong></span> <span class='ocrx_word' id='word_1_182' title='bbox 1288 1249 1369 1288; x_wconf 85' lang='lat' dir='ltr'><strong>uranii</strong></span> <span class='ocrx_word' id='word_1_183' title='bbox 1382 1235 1594 1290; x_wconf 84' lang='lat' dir='ltr'><strong>arniiseonierta</strong></span> <span class='ocrx_word' id='word_1_184' title='bbox 1606 1236 1688 1289; x_wconf 87' lang='lat' dir='ltr'><strong>mittit</strong></span> <span class='ocrx_word' id='word_1_185' title='bbox 1698 1234 1853 1289; x_wconf 88' lang='lat' dir='ltr'><strong>Perusiam.</strong></span> 
     </span>
     <span class='ocr_line' id='line_1_15' title="bbox 1059 1303 1853 1374; baseline 0 -14"><span class='ocrx_word' id='word_1_186' title='bbox 1059 1303 1108 1361; x_wconf 89' lang='lat' dir='ltr'><strong>Ubi</strong></span> <span class='ocrx_word' id='word_1_187' title='bbox 1120 1303 1184 1358; x_wconf 86' lang='lat' dir='ltr'><strong>dnm</strong></span> <span class='ocrx_word' id='word_1_188' title='bbox 1200 1319 1323 1374; x_wconf 88' lang='lat' dir='ltr'><strong>magnum</strong></span> <span class='ocrx_word' id='word_1_189' title='bbox 1336 1305 1462 1361; x_wconf 88' lang='lat' dir='ltr'><strong>eoniiiem</strong></span> <span class='ocrx_word' id='word_1_190' title='bbox 1474 1321 1535 1360; x_wconf 92' lang='lat' dir='ltr'><strong>cum</strong></span> <span class='ocrx_word' id='word_1_191' title='bbox 1547 1319 1633 1370; x_wconf 78' lang='lat' dir='ltr'><strong>isarno</strong></span> <span class='ocrx_word' id='word_1_192' title='bbox 1645 1306 1767 1359; x_wconf 77' lang='lat' dir='ltr'><strong>exercitu</strong></span> <span class='ocrx_word' id='word_1_193' title='bbox 1781 1306 1853 1360; x_wconf 80' lang='lat' dir='ltr'><strong>resi·</strong></span> 
     </span>
    </p>

    <p class='ocr_par' dir='ltr' id='par_1_3' title="bbox 516 1352 1854 1459">
     <span class='ocr_line' id='line_1_16' title="bbox 516 1352 1854 1459; baseline -0.007 -21"><span class='ocrx_word' id='word_1_194' title='bbox 516 1353 630 1412; x_wconf 60' lang='lat' dir='ltr'>CAPUT</span> <span class='ocrx_word' id='word_1_195' title='bbox 646 1352 702 1408; x_wconf 63' lang='lat' dir='ltr'><strong>Lx·</strong></span> <span class='ocrx_word' id='word_1_196' title='bbox 1060 1375 1177 1441; x_wconf 76' lang='lat' dir='ltr'><strong>deuterii,</strong></span> <span class='ocrx_word' id='word_1_197' title='bbox 1199 1377 1357 1432; x_wconf 71' lang='lat' dir='ltr'><strong>obsessione</strong></span> <span class='ocrx_word' id='word_1_198' title='bbox 1377 1376 1455 1446; x_wconf 79' lang='lat' dir='ltr'><strong>iringa</strong></span> <span class='ocrx_word' id='word_1_199' title='bbox 1476 1378 1595 1432; x_wconf 82' lang='lat' dir='ltr'><strong>euellere</strong></span> <span class='ocrx_word' id='word_1_200' title='bbox 1613 1376 1740 1459; x_wconf 70' lang='lat' dir='ltr'><strong>eupiunt:</strong></span> <span class='ocrx_word' id='word_1_201' title='bbox 1756 1390 1854 1444; x_wconf 87' lang='lat' dir='ltr'><strong>super-</strong></span> 
     </span>
    </p>

    <p class='ocr_par' dir='ltr' id='par_1_4' title="bbox 213 1445 1855 1686">
     <span class='ocr_line' id='line_1_17' title="bbox 213 1445 1854 1539; baseline -0.007 -28"><span class='ocrx_word' id='word_1_202' title='bbox 213 1473 354 1530; x_wconf 60' lang='lat' dir='ltr'><strong>peqmgp,</strong></span> <span class='ocrx_word' id='word_1_203' title='bbox 374 1490 391 1529; x_wconf 58' lang='lat' dir='ltr'><strong><em>a</em></strong></span> <span class='ocrx_word' id='word_1_204' title='bbox 411 1471 560 1528; x_wconf 56' lang='lat' dir='ltr'><strong>,impp-„0</strong></span> <span class='ocrx_word' id='word_1_205' title='bbox 586 1473 649 1539; x_wconf 54' lang='lat' dir='ltr'><strong>qm„</strong></span> <span class='ocrx_word' id='word_1_206' title='bbox 678 1470 801 1524; x_wconf 62' lang='lat' dir='ltr'><strong>mm„</strong></span> <span class='ocrx_word' id='word_1_207' title='bbox 825 1466 925 1522; x_wconf 54' lang='grc' dir='ltr'><strong>θυμω,</strong></span> <span class='ocrx_word' id='word_1_208' title='bbox 949 1480 1007 1521; x_wconf 62' lang='lat' dir='ltr'><strong>,qm</strong></span> <span class='ocrx_word' id='word_1_209' title='bbox 1060 1446 1186 1502; x_wconf 79' lang='lat' dir='ltr'><strong>veniente</strong></span> <span class='ocrx_word' id='word_1_210' title='bbox 1205 1445 1328 1501; x_wconf 81' lang='lat' dir='ltr'><strong>Romaim</strong></span> <span class='ocrx_word' id='word_1_211' title='bbox 1349 1452 1489 1513; x_wconf 82' lang='lat' dir='ltr'><strong>exercitu,</strong></span> <span class='ocrx_word' id='word_1_212' title='bbox 1506 1446 1673 1510; x_wconf 85' lang='lat' dir='ltr'><strong>ipsicrnlsi.</strong></span> <span class='ocrx_word' id='word_1_213' title='bbox 1697 1449 1854 1501; x_wconf 89' lang='lat' dir='ltr'><strong>etomnioo</strong></span> 
     </span>
     <span class='ocr_line' id='line_1_18' title="bbox 249 1584 1855 1686; baseline -0.018 -15"><span class='ocrx_word' id='word_1_214' title='bbox 249 1632 334 1685; x_wconf 80' lang='lat' dir='ltr'><strong>regem</strong></span> <span class='ocrx_word' id='word_1_215' title='bbox 353 1615 401 1672; x_wconf 82' lang='lat' dir='ltr'><strong>nli</strong></span> <span class='ocrx_word' id='word_1_216' title='bbox 413 1611 529 1686; x_wconf 74' lang='lat' dir='ltr'><strong>eligunt:</strong></span> <span class='ocrx_word' id='word_1_217' title='bbox 545 1612 703 1667; x_wconf 73' lang='lat' dir='ltr'><strong>Theodotum</strong></span> <span class='ocrx_word' id='word_1_218' title='bbox 722 1611 889 1684; x_wconf 69' lang='lat' dir='ltr'><strong>interficiunt.</strong></span> <span class='ocrx_word' id='word_1_219' title='bbox 902 1609 1008 1680; x_wconf 62' lang='lat' dir='ltr'><strong>witigis</strong></span> <span class='ocrx_word' id='word_1_220' title='bbox 1060 1588 1120 1655; x_wconf 91' lang='lat' dir='ltr'><strong>dns,</strong></span> <span class='ocrx_word' id='word_1_221' title='bbox 1136 1602 1243 1643; x_wconf 90' lang='lat' dir='ltr'><strong>emnem</strong></span> <span class='ocrx_word' id='word_1_222' title='bbox 1255 1584 1404 1643; x_wconf 75' lang='lat' dir='ltr'><strong>Gothorum</strong></span> <span class='ocrx_word' id='word_1_223' title='bbox 1417 1599 1566 1644; x_wconf 85' lang='lat' dir='ltr'><strong>exercituin</strong></span> <span class='ocrx_word' id='word_1_224' title='bbox 1579 1595 1736 1658; x_wconf 77' lang='lat' dir='ltr'><strong>curiga-egat.</strong></span> <span class='ocrx_word' id='word_1_225' title='bbox 1749 1586 1855 1642; x_wconf 77' lang='lat' dir='ltr'><strong>tlareu</strong></span> 
     </span>
    </p>
   </div>
   <div class='ocr_carea' id='block_1_3' title="bbox 226 1656 1856 1814">
    <p class='ocr_par' dir='ltr' id='par_1_5' title="bbox 226 1656 1856 1814">
     <span class='ocr_line' id='line_1_19' title="bbox 226 1656 1856 1753; baseline -0.013 -21"><span class='ocrx_word' id='word_1_226' title='bbox 226 1709 228 1714; x_wconf 93' lang='lat'>·</span> <span class='ocrx_word' id='word_1_227' title='bbox 253 1686 400 1741; x_wconf 63' lang='lat' dir='ltr'><strong>tramam</strong></span> <span class='ocrx_word' id='word_1_228' title='bbox 412 1701 472 1739; x_wconf 60' lang='lat' dir='ltr'><strong>,pm</strong></span> <span class='ocrx_word' id='word_1_229' title='bbox 498 1682 677 1738; x_wconf 59' lang='lat' dir='ltr'><strong>nimmia</strong></span> <span class='ocrx_word' id='word_1_230' title='bbox 696 1684 821 1753; x_wconf 57' lang='lat' dir='ltr'><strong>,2955qu</strong></span> <span class='ocrx_word' id='word_1_231' title='bbox 835 1680 925 1752; x_wconf 59' lang='lat' dir='ltr'><strong>opp„</strong></span> <span class='ocrx_word' id='word_1_232' title='bbox 937 1679 1008 1733; x_wconf 55' lang='grc' dir='ltr'><strong>Μ,</strong></span> <span class='ocrx_word' id='word_1_233' title='bbox 1060 1672 1147 1726; x_wconf 89' lang='lat' dir='ltr'><strong>naqne</strong></span> <span class='ocrx_word' id='word_1_234' title='bbox 1160 1672 1295 1727; x_wconf 72' lang='lat' dir='ltr'><strong>egressus,</strong></span> <span class='ocrx_word' id='word_1_235' title='bbox 1307 1657 1443 1740; x_wconf 78' lang='lat' dir='ltr'><strong>Romanas</strong></span> <span class='ocrx_word' id='word_1_236' title='bbox 1457 1673 1534 1742; x_wconf 73' lang='lat' dir='ltr'><strong>arces</strong></span> <span class='ocrx_word' id='word_1_237' title='bbox 1544 1657 1684 1713; x_wconf 84' lang='lat' dir='ltr'><strong>obsidione</strong></span> <span class='ocrx_word' id='word_1_238' title='bbox 1698 1659 1776 1727; x_wconf 83' lang='lat' dir='ltr'><strong>longa</strong></span> <span class='ocrx_word' id='word_1_239' title='bbox 1792 1656 1856 1710; x_wconf 85' lang='lat' dir='ltr'><strong>iati-</strong></span> 
     </span>
     <span class='ocr_line' id='line_1_20' title="bbox 249 1727 1856 1814; baseline -0.012 -15"><span class='ocrx_word' id='word_1_240' title='bbox 249 1758 384 1814; x_wconf 60' lang='lat' dir='ltr'><strong>gmgp,</strong></span> <span class='ocrx_word' id='word_1_241' title='bbox 1060 1738 1114 1799; x_wconf 88' lang='lat' dir='ltr'><strong>gat.</strong></span> <span class='ocrx_word' id='word_1_242' title='bbox 1131 1727 1184 1783; x_wconf 85' lang='lat' dir='ltr'><strong>Sed</strong></span> <span class='ocrx_word' id='word_1_243' title='bbox 1205 1730 1329 1784; x_wconf 88' lang='lat' dir='ltr'><strong>trustrata</strong></span> <span class='ocrx_word' id='word_1_244' title='bbox 1353 1741 1414 1799; x_wconf 79' lang='lat' dir='ltr'><strong>eius</strong></span> <span class='ocrx_word' id='word_1_245' title='bbox 1432 1729 1555 1795; x_wconf 69' lang='lat' dir='ltr'><strong>audacia,</strong></span> <span class='ocrx_word' id='word_1_246' title='bbox 1571 1735 1633 1797; x_wconf 85' lang='lat' dir='ltr'><strong>pust</strong></span> <span class='ocrx_word' id='word_1_247' title='bbox 1655 1727 1689 1783; x_wconf 76' lang='lat' dir='ltr'><strong>ll</strong></span> <span class='ocrx_word' id='word_1_248' title='bbox 1701 1728 1856 1782; x_wconf 82' lang='lat' dir='ltr'><strong>mensesah</strong></span> 
     </span>
    </p>
   </div>
   <div class='ocr_carea' id='block_1_4' title="bbox 182 1774 1890 4125">
    <p class='ocr_par' dir='ltr' id='par_1_6' title="bbox 869 1774 1856 1870">
     <span class='ocr_line' id='line_1_21' title="bbox 869 1774 1856 1870; baseline -0.004 -16"><span class='ocrx_word' id='word_1_249' title='bbox 869 1835 872 1842; x_wconf 85' lang='lat'><em>·</em></span> <span class='ocrx_word' id='word_1_250' title='bbox 1025 1774 1049 1836; x_wconf 72' lang='lat' dir='ltr'>B</span> <span class='ocrx_word' id='word_1_251' title='bbox 1063 1798 1204 1854; x_wconf 81' lang='lat' dir='ltr'><strong>obsidione</strong></span> <span class='ocrx_word' id='word_1_252' title='bbox 1214 1797 1344 1854; x_wconf 72' lang='lat' dir='ltr'><strong>numanae</strong></span> <span class='ocrx_word' id='word_1_253' title='bbox 1359 1801 1432 1855; x_wconf 88' lang='lat' dir='ltr'><strong>urhis</strong></span> <span class='ocrx_word' id='word_1_254' title='bbox 1447 1800 1557 1870; x_wconf 87' lang='lat' dir='ltr'><strong>aulugii,</strong></span> <span class='ocrx_word' id='word_1_255' title='bbox 1571 1809 1636 1855; x_wconf 85' lang='lat' dir='ltr'><strong>etse</strong></span> <span class='ocrx_word' id='word_1_256' title='bbox 1650 1798 1685 1854; x_wconf 89' lang='lat' dir='ltr'><strong>ad</strong></span> <span class='ocrx_word' id='word_1_257' title='bbox 1696 1796 1856 1852; x_wconf 77' lang='lat' dir='ltr'><strong>ariminen·</strong></span> 
     </span>
    </p>

    <p class='ocr_par' dir='ltr' id='par_1_7' title="bbox 182 1866 1890 4125">
     <span class='ocr_line' id='line_1_22' title="bbox 253 1866 1856 1940; baseline -0.002 -15"><span class='ocrx_word' id='word_1_258' title='bbox 253 1870 331 1938; x_wconf 81' lang='lat' dir='ltr'><strong>Quod</strong></span> <span class='ocrx_word' id='word_1_259' title='bbox 347 1870 411 1925; x_wconf 90' lang='lat' dir='ltr'><strong>duni</strong></span> <span class='ocrx_word' id='word_1_260' title='bbox 426 1867 591 1926; x_wconf 71' lang='lat' dir='ltr'><strong>institiones</strong></span> <span class='ocrx_word' id='word_1_261' title='bbox 605 1867 751 1938; x_wconf 83' lang='lat' dir='ltr'><strong>imperatur</strong></span> <span class='ocrx_word' id='word_1_262' title='bbox 765 1866 909 1923; x_wconf 84' lang='lat' dir='ltr'><strong>orientalis</strong></span> <span class='ocrx_word' id='word_1_263' title='bbox 922 1867 1011 1923; x_wconf 87' lang='lat' dir='ltr'><strong>audis·</strong></span> <span class='ocrx_word' id='word_1_264' title='bbox 1063 1882 1120 1925; x_wconf 89' lang='lat' dir='ltr'><strong>sem</strong></span> <span class='ocrx_word' id='word_1_265' title='bbox 1133 1870 1334 1937; x_wconf 72' lang='lat' dir='ltr'><strong>oppressionem</strong></span> <span class='ocrx_word' id='word_1_266' title='bbox 1359 1879 1502 1940; x_wconf 80' lang='lat' dir='ltr'><strong>preparat.</strong></span> <span class='ocrx_word' id='word_1_267' title='bbox 1512 1869 1594 1931; x_wconf 75' lang='grc' dir='ltr'>,υιιιιι</span> <span class='ocrx_word' id='word_1_268' title='bbox 1608 1867 1663 1938; x_wconf 90' lang='lat' dir='ltr'><strong>pari</strong></span> <span class='ocrx_word' id='word_1_269' title='bbox 1682 1879 1778 1925; x_wconf 89' lang='lat' dir='ltr'><strong>tenere</strong></span> <span class='ocrx_word' id='word_1_270' title='bbox 1798 1869 1856 1923; x_wconf 91' lang='lat' dir='ltr'><strong>lrir·</strong></span> 
     </span>
     <span class='ocr_line' id='line_1_23' title="bbox 215 1934 1857 2010; baseline -0.002 -14"><span class='ocrx_word' id='word_1_271' title='bbox 215 1951 267 2007; x_wconf 84' lang='lat' dir='ltr'><strong>tet,</strong></span> <span class='ocrx_word' id='word_1_272' title='bbox 280 1940 356 2010; x_wconf 88' lang='lat' dir='ltr'><strong>qnasi</strong></span> <span class='ocrx_word' id='word_1_273' title='bbox 371 1934 557 2009; x_wconf 87' lang='lat' dir='ltr'><strong>sn&#39;seeplorum</strong></span> <span class='ocrx_word' id='word_1_274' title='bbox 580 1953 691 1994; x_wconf 87' lang='lat' dir='ltr'><strong>suorum</strong></span> <span class='ocrx_word' id='word_1_275' title='bbox 714 1953 787 1992; x_wconf 85' lang='lat' dir='ltr'><strong>niori</strong></span> <span class='ocrx_word' id='word_1_276' title='bbox 802 1938 834 1992; x_wconf 84' lang='lat' dir='ltr'><strong>ad</strong></span> <span class='ocrx_word' id='word_1_277' title='bbox 848 1952 924 1992; x_wconf 89' lang='lat' dir='ltr'><strong>suam</strong></span> <span class='ocrx_word' id='word_1_278' title='bbox 940 1938 1011 2006; x_wconf 78' lang='lat' dir='ltr'><strong>inju-</strong></span> <span class='ocrx_word' id='word_1_279' title='bbox 1063 1949 1173 2006; x_wconf 82' lang='lat' dir='ltr'><strong>stratus,</strong></span> <span class='ocrx_word' id='word_1_280' title='bbox 1192 1940 1349 2009; x_wconf 75' lang='lat' dir='ltr'><strong>fugatusque</strong></span> <span class='ocrx_word' id='word_1_281' title='bbox 1370 1940 1525 1996; x_wconf 84' lang='lat' dir='ltr'><strong>Ravennam</strong></span> <span class='ocrx_word' id='word_1_282' title='bbox 1539 1956 1568 1997; x_wconf 86' lang='lat' dir='ltr'><strong>se</strong></span> <span class='ocrx_word' id='word_1_283' title='bbox 1583 1941 1699 2007; x_wconf 87' lang='lat' dir='ltr'><strong>recepit;</strong></span> <span class='ocrx_word' id='word_1_284' title='bbox 1715 1952 1743 1995; x_wconf 88' lang='lat' dir='ltr'><strong>et</strong></span> <span class='ocrx_word' id='word_1_285' title='bbox 1761 1938 1857 1994; x_wconf 80' lang='lat' dir='ltr'><strong>obses·</strong></span> 
     </span>
     <span class='ocr_line' id='line_1_24' title="bbox 215 2007 1855 2080; baseline -0.004 -13"><span class='ocrx_word' id='word_1_286' title='bbox 215 2013 283 2067; x_wconf 84' lang='lat' dir='ltr'><strong>riam</strong></span> <span class='ocrx_word' id='word_1_287' title='bbox 297 2011 471 2080; x_wconf 74' lang='lat' dir='ltr'><strong>redundaret,</strong></span> <span class='ocrx_word' id='word_1_288' title='bbox 486 2013 525 2064; x_wconf 87' lang='lat' dir='ltr'><strong>sle</strong></span> <span class='ocrx_word' id='word_1_289' title='bbox 538 2019 580 2063; x_wconf 87' lang='lat' dir='ltr'><strong>est</strong></span> <span class='ocrx_word' id='word_1_290' title='bbox 599 2018 761 2064; x_wconf 89' lang='lat' dir='ltr'><strong>commotus.</strong></span> <span class='ocrx_word' id='word_1_291' title='bbox 777 2007 878 2064; x_wconf 85' lang='lat' dir='ltr'><strong>Eodem</strong></span> <span class='ocrx_word' id='word_1_292' title='bbox 895 2023 1013 2080; x_wconf 87' lang='lat' dir='ltr'><strong>namque</strong></span> <span class='ocrx_word' id='word_1_293' title='bbox 1063 2023 1120 2078; x_wconf 79' lang='lat' dir='ltr'><strong>sus,</strong></span> <span class='ocrx_word' id='word_1_294' title='bbox 1136 2025 1186 2065; x_wconf 85' lang='lat' dir='ltr'><strong>nec</strong></span> <span class='ocrx_word' id='word_1_295' title='bbox 1201 2025 1286 2076; x_wconf 86' lang='lat' dir='ltr'><strong>inina,</strong></span> <span class='ocrx_word' id='word_1_296' title='bbox 1302 2011 1372 2066; x_wconf 89' lang='lat' dir='ltr'><strong>uitro</strong></span> <span class='ocrx_word' id='word_1_297' title='bbox 1382 2013 1454 2068; x_wconf 80' lang='lat' dir='ltr'><strong>seed</strong></span> <span class='ocrx_word' id='word_1_298' title='bbox 1469 2020 1560 2080; x_wconf 86' lang='lat' dir='ltr'><strong>partes</strong></span> <span class='ocrx_word' id='word_1_299' title='bbox 1570 2010 1644 2065; x_wconf 84' lang='lat' dir='ltr'><strong>dedit</strong></span> <span class='ocrx_word' id='word_1_300' title='bbox 1654 2009 1776 2073; x_wconf 83' lang='lat' dir='ltr'><strong>rteioiis,</strong></span> <span class='ocrx_word' id='word_1_301' title='bbox 1791 2023 1855 2064; x_wconf 86' lang='lat' dir='ltr'><strong>cuin</strong></span> 
     </span>
     <span class='ocr_line' id='line_1_25' title="bbox 217 2078 1855 2151; baseline -0.003 -14"><span class='ocrx_word' id='word_1_302' title='bbox 217 2093 338 2151; x_wconf 89' lang='lat' dir='ltr'><strong>tempure</strong></span> <span class='ocrx_word' id='word_1_303' title='bbox 351 2081 385 2135; x_wconf 91' lang='lat' dir='ltr'><strong>de</strong></span> <span class='ocrx_word' id='word_1_304' title='bbox 399 2080 490 2139; x_wconf 74' lang='lat' dir='ltr'><strong>Africa</strong></span> <span class='ocrx_word' id='word_1_305' title='bbox 502 2095 518 2134; x_wconf 92' lang='lat' dir='ltr'><strong>a</strong></span> <span class='ocrx_word' id='word_1_306' title='bbox 531 2079 670 2135; x_wconf 87' lang='lat' dir='ltr'><strong>wandalis</strong></span> <span class='ocrx_word' id='word_1_307' title='bbox 684 2094 746 2133; x_wconf 93' lang='lat' dir='ltr'><strong>cnm</strong></span> <span class='ocrx_word' id='word_1_308' title='bbox 763 2094 809 2148; x_wconf 92' lang='lat' dir='ltr'><strong>per</strong></span> <span class='ocrx_word' id='word_1_309' title='bbox 825 2078 1011 2135; x_wconf 88' lang='lat' dir='ltr'><strong>lldelissimum</strong></span> <span class='ocrx_word' id='word_1_310' title='bbox 1064 2079 1269 2136; x_wconf 79' lang='lat' dir='ltr'><strong>biathasueotiia</strong></span> <span class='ocrx_word' id='word_1_311' title='bbox 1281 2080 1364 2151; x_wconf 87' lang='lat' dir='ltr'><strong>jugali</strong></span> <span class='ocrx_word' id='word_1_312' title='bbox 1381 2083 1516 2151; x_wconf 87' lang='lat' dir='ltr'><strong>regiisque</strong></span> <span class='ocrx_word' id='word_1_313' title='bbox 1535 2082 1640 2150; x_wconf 87' lang='lat' dir='ltr'><strong>opibus.</strong></span> <span class='ocrx_word' id='word_1_314' title='bbox 1656 2079 1690 2135; x_wconf 72' lang='lat' dir='ltr'><strong>tlt</strong></span> <span class='ocrx_word' id='word_1_315' title='bbox 1713 2079 1755 2133; x_wconf 78' lang='lat' dir='ltr'><strong>sic</strong></span> <span class='ocrx_word' id='word_1_316' title='bbox 1768 2078 1855 2133; x_wconf 70' lang='lat' dir='ltr'><strong>lanio</strong></span> 
     </span>
     <span class='ocr_line' id='line_1_26' title="bbox 216 2146 1846 2224; baseline -0.001 -18"><span class='ocrx_word' id='word_1_317' title='bbox 216 2167 292 2207; x_wconf 91' lang='lat' dir='ltr'><strong>snum</strong></span> <span class='ocrx_word' id='word_1_318' title='bbox 304 2151 461 2206; x_wconf 79' lang='lat' dir='ltr'><strong>belisarium</strong></span> <span class='ocrx_word' id='word_1_319' title='bbox 476 2149 537 2221; x_wconf 87' lang='lat' dir='ltr'><strong>[et.,</strong></span> <span class='ocrx_word' id='word_1_320' title='bbox 551 2146 719 2221; x_wconf 84' lang='lat' dir='ltr'><strong>Betrainnro]</strong></span> <span class='ocrx_word' id='word_1_321' title='bbox 733 2148 876 2218; x_wconf 83' lang='lat' dir='ltr'><strong>patricium</strong></span> <span class='ocrx_word' id='word_1_322' title='bbox 891 2159 1013 2218; x_wconf 86' lang='lat' dir='ltr'><strong>reporta·</strong></span> <span class='ocrx_word' id='word_1_323' title='bbox 1064 2166 1124 2208; x_wconf 89' lang='lat' dir='ltr'><strong>suin</strong></span> <span class='ocrx_word' id='word_1_324' title='bbox 1140 2167 1250 2222; x_wconf 63' lang='lat' dir='ltr'><strong>riguum</strong></span> <span class='ocrx_word' id='word_1_325' title='bbox 1265 2151 1490 2224; x_wconf 74' lang='lat' dir='ltr'><strong>iustissimumque</strong></span> <span class='ocrx_word' id='word_1_326' title='bbox 1498 2162 1617 2223; x_wconf 85' lang='lat' dir='ltr'><strong>gemero,</strong></span> <span class='ocrx_word' id='word_1_327' title='bbox 1628 2152 1727 2221; x_wconf 87' lang='lat' dir='ltr'><strong>diuque</strong></span> <span class='ocrx_word' id='word_1_328' title='bbox 1741 2164 1846 2219; x_wconf 82' lang='lat' dir='ltr'><strong>regnan</strong></span> 
     </span>
     <span class='ocr_line' id='line_1_27' title="bbox 217 2220 1855 2291; baseline -0.001 -13"><span class='ocrx_word' id='word_1_329' title='bbox 217 2232 260 2278; x_wconf 85' lang='lat' dir='ltr'><strong>ret</strong></span> <span class='ocrx_word' id='word_1_330' title='bbox 271 2222 446 2291; x_wconf 81' lang='lat' dir='ltr'><strong>triumphum,</strong></span> <span class='ocrx_word' id='word_1_331' title='bbox 464 2237 514 2277; x_wconf 90' lang='lat' dir='ltr'><strong>nec</strong></span> <span class='ocrx_word' id='word_1_332' title='bbox 527 2235 612 2282; x_wconf 87' lang='lat' dir='ltr'><strong>mora,</strong></span> <span class='ocrx_word' id='word_1_333' title='bbox 629 2221 728 2288; x_wconf 88' lang='lat' dir='ltr'><strong>inipso</strong></span> <span class='ocrx_word' id='word_1_334' title='bbox 746 2227 866 2290; x_wconf 89' lang='lat' dir='ltr'><strong>tempure</strong></span> <span class='ocrx_word' id='word_1_335' title='bbox 881 2220 1014 2275; x_wconf 86' lang='lat' dir='ltr'><strong>madenti·</strong></span> <span class='ocrx_word' id='word_1_336' title='bbox 1055 2231 1130 2288; x_wconf 81' lang='lat' dir='ltr'><strong>tem,</strong></span> <span class='ocrx_word' id='word_1_337' title='bbox 1143 2222 1249 2277; x_wconf 90' lang='lat' dir='ltr'><strong>taudem</strong></span> <span class='ocrx_word' id='word_1_338' title='bbox 1264 2222 1362 2278; x_wconf 91' lang='lat' dir='ltr'><strong>deinde</strong></span> <span class='ocrx_word' id='word_1_339' title='bbox 1379 2222 1523 2278; x_wconf 88' lang='lat' dir='ltr'><strong>milesium</strong></span> <span class='ocrx_word' id='word_1_340' title='bbox 1538 2230 1567 2278; x_wconf 89' lang='lat' dir='ltr'><strong>et</strong></span> <span class='ocrx_word' id='word_1_341' title='bbox 1579 2226 1769 2277; x_wconf 89' lang='lat' dir='ltr'><strong>trecentesimo</strong></span> <span class='ocrx_word' id='word_1_342' title='bbox 1780 2235 1855 2276; x_wconf 90' lang='lat' dir='ltr'><strong>anuo</strong></span> 
     </span>
     <span class='ocr_line' id='line_1_28' title="bbox 217 2288 1855 2375; baseline -0.002 -27"><span class='ocrx_word' id='word_1_343' title='bbox 217 2295 267 2348; x_wconf 89' lang='lat' dir='ltr'><strong>bns</strong></span> <span class='ocrx_word' id='word_1_344' title='bbox 290 2294 378 2348; x_wconf 83' lang='lat' dir='ltr'><strong>adlnie</strong></span> <span class='ocrx_word' id='word_1_345' title='bbox 400 2292 483 2348; x_wconf 87' lang='lat' dir='ltr'><strong>armis</strong></span> <span class='ocrx_word' id='word_1_346' title='bbox 507 2307 603 2348; x_wconf 85' lang='lat' dir='ltr'><strong>cruore</strong></span> <span class='ocrx_word' id='word_1_347' title='bbox 616 2289 785 2354; x_wconf 86' lang='lat' dir='ltr'><strong>wandalico,</strong></span> <span class='ocrx_word' id='word_1_348' title='bbox 805 2302 897 2345; x_wconf 86' lang='lat' dir='ltr'><strong>contra</strong></span> <span class='ocrx_word' id='word_1_349' title='bbox 912 2288 1014 2347; x_wconf 81' lang='lat' dir='ltr'><strong>Gothos</strong></span> <span class='ocrx_word' id='word_1_350' title='bbox 1065 2291 1279 2375; x_wconf 83' lang='lat' dir='ltr'><strong>siciorgeniium</strong></span> <span class='ocrx_word' id='word_1_351' title='bbox 1291 2293 1631 2349; x_wconf 83' lang='lat' dir='ltr'><strong>diversarumlustiniauus</strong></span> <span class='ocrx_word' id='word_1_352' title='bbox 1645 2292 1793 2363; x_wconf 86' lang='lat' dir='ltr'><strong>imperator</strong></span> <span class='ocrx_word' id='word_1_353' title='bbox 1805 2306 1855 2360; x_wconf 89' lang='lat' dir='ltr'><strong>per</strong></span> 
     </span>
     <span class='ocr_line' id='line_1_29' title="bbox 216 2360 1855 2435; baseline -0.002 -16"><span class='ocrx_word' id='word_1_354' title='bbox 216 2379 265 2435; x_wconf 91' lang='lat' dir='ltr'><strong>per</strong></span> <span class='ocrx_word' id='word_1_355' title='bbox 284 2364 400 2420; x_wconf 89' lang='lat' dir='ltr'><strong>eundern</strong></span> <span class='ocrx_word' id='word_1_356' title='bbox 423 2362 518 2417; x_wconf 87' lang='lat' dir='ltr'><strong>dui-em</strong></span> <span class='ocrx_word' id='word_1_357' title='bbox 530 2364 613 2417; x_wconf 88' lang='lat' dir='ltr'><strong>morit</strong></span> <span class='ocrx_word' id='word_1_358' title='bbox 630 2364 806 2432; x_wconf 85' lang='lat' dir='ltr'><strong>procinctum.</strong></span> <span class='ocrx_word' id='word_1_359' title='bbox 819 2362 870 2428; x_wconf 84' lang='lat' dir='ltr'><strong>Qui</strong></span> <span class='ocrx_word' id='word_1_360' title='bbox 884 2361 938 2415; x_wconf 81' lang='lat' dir='ltr'><strong>dns</strong></span> <span class='ocrx_word' id='word_1_361' title='bbox 951 2377 1014 2431; x_wconf 88' lang='lat' dir='ltr'><strong>pru·</strong></span> <span class='ocrx_word' id='word_1_362' title='bbox 1066 2363 1248 2418; x_wconf 78' lang='lat' dir='ltr'><strong>fidelissimum</strong></span> <span class='ocrx_word' id='word_1_363' title='bbox 1258 2362 1396 2419; x_wconf 85' lang='lat' dir='ltr'><strong>consulem</strong></span> <span class='ocrx_word' id='word_1_364' title='bbox 1407 2363 1469 2419; x_wconf 88' lang='lat' dir='ltr'><strong>ricit</strong></span> <span class='ocrx_word' id='word_1_365' title='bbox 1482 2364 1648 2428; x_wconf 76' lang='lat' dir='ltr'><strong>belisarium,</strong></span> <span class='ocrx_word' id='word_1_366' title='bbox 1658 2373 1684 2418; x_wconf 89' lang='lat' dir='ltr'><strong>et</strong></span> <span class='ocrx_word' id='word_1_367' title='bbox 1695 2360 1855 2432; x_wconf 87' lang='lat' dir='ltr'><strong>perductum</strong></span> 
     </span>
     <span class='ocr_line' id='line_1_30' title="bbox 220 2430 1855 2504; baseline -0.002 -14"><span class='ocrx_word' id='word_1_368' title='bbox 220 2434 400 2490; x_wconf 87' lang='lat' dir='ltr'><strong>dentissiinus</strong></span> <span class='ocrx_word' id='word_1_369' title='bbox 424 2433 494 2488; x_wconf 84' lang='lat' dir='ltr'><strong>hand</strong></span> <span class='ocrx_word' id='word_1_370' title='bbox 514 2447 592 2488; x_wconf 87' lang='lat' dir='ltr'><strong>secus</strong></span> <span class='ocrx_word' id='word_1_371' title='bbox 614 2431 758 2487; x_wconf 73' lang='lat' dir='ltr'><strong>arbitratur</strong></span> <span class='ocrx_word' id='word_1_372' title='bbox 772 2430 917 2487; x_wconf 87' lang='lat' dir='ltr'><strong>Geibarum</strong></span> <span class='ocrx_word' id='word_1_373' title='bbox 933 2432 1013 2487; x_wconf 91' lang='lat' dir='ltr'><strong>subi·</strong></span> <span class='ocrx_word' id='word_1_374' title='bbox 1065 2432 1188 2504; x_wconf 76' lang='lat' dir='ltr'><strong>witigim</strong></span> <span class='ocrx_word' id='word_1_375' title='bbox 1203 2433 1465 2503; x_wconf 85' lang='lat' dir='ltr'><strong>Constairliiiupolim</strong></span> <span class='ocrx_word' id='word_1_376' title='bbox 1487 2436 1589 2504; x_wconf 89' lang='lat' dir='ltr'><strong>patricii</strong></span> <span class='ocrx_word' id='word_1_377' title='bbox 1613 2433 1718 2488; x_wconf 91' lang='lat' dir='ltr'><strong>honore</strong></span> <span class='ocrx_word' id='word_1_378' title='bbox 1732 2432 1855 2486; x_wconf 81' lang='lat' dir='ltr'><strong>donavit.</strong></span> 
     </span>
     <span class='ocr_line' id='line_1_31' title="bbox 182 2501 1858 2627; baseline -0.002 -67"><span class='ocrx_word' id='word_1_379' title='bbox 182 2570 187 2580; x_wconf 39' lang='lat'>‚</span> <span class='ocrx_word' id='word_1_380' title='bbox 216 2520 282 2576; x_wconf 86' lang='lat' dir='ltr'><strong>gere</strong></span> <span class='ocrx_word' id='word_1_381' title='bbox 302 2508 446 2575; x_wconf 89' lang='lat' dir='ltr'><strong>populum,</strong></span> <span class='ocrx_word' id='word_1_382' title='bbox 467 2504 580 2627; x_wconf 57' lang='lat' dir='ltr'><strong>siprius</strong></span> <span class='ocrx_word' id='word_1_383' title='bbox 598 2504 837 2559; x_wconf 87' lang='lat' dir='ltr'><strong>oulilceineorum</strong></span> <span class='ocrx_word' id='word_1_384' title='bbox 852 2511 1010 2585; x_wconf 80' lang='lat' dir='ltr'><strong>occupasset</strong></span> <span class='ocrx_word' id='word_1_385' title='bbox 1068 2505 1118 2561; x_wconf 89' lang='lat' dir='ltr'><strong>llhi</strong></span> <span class='ocrx_word' id='word_1_386' title='bbox 1133 2506 1194 2574; x_wconf 92' lang='lat' dir='ltr'><strong>plus</strong></span> <span class='ocrx_word' id='word_1_387' title='bbox 1208 2504 1315 2559; x_wconf 85' lang='lat' dir='ltr'><strong>hiennio</strong></span> <span class='ocrx_word' id='word_1_388' title='bbox 1328 2506 1495 2567; x_wconf 82' lang='lat' dir='ltr'><strong>demoratus,</strong></span> <span class='ocrx_word' id='word_1_389' title='bbox 1516 2504 1739 2576; x_wconf 86' lang='lat' dir='ltr'><strong>imperatorisque</strong></span> <span class='ocrx_word' id='word_1_390' title='bbox 1751 2503 1776 2556; x_wconf 90' lang='lat' dir='ltr'><strong>in</strong></span> <span class='ocrx_word' id='word_1_391' title='bbox 1786 2501 1858 2557; x_wconf 76' lang='lat' dir='ltr'><strong>ade·</strong></span> 
     </span>
     <span class='ocr_line' id='line_1_32' title="bbox 218 2573 1858 2644; baseline -0.002 -13"><span class='ocrx_word' id='word_1_392' title='bbox 218 2577 356 2641; x_wconf 67' lang='lat' dir='ltr'><strong>Siciliam</strong></span> <span class='ocrx_word' id='word_1_393' title='bbox 374 2574 445 2643; x_wconf 92' lang='lat' dir='ltr'><strong>quod</strong></span> <span class='ocrx_word' id='word_1_394' title='bbox 463 2583 491 2631; x_wconf 89' lang='lat' dir='ltr'><strong>et</strong></span> <span class='ocrx_word' id='word_1_395' title='bbox 514 2583 602 2630; x_wconf 90' lang='lat' dir='ltr'><strong>actum</strong></span> <span class='ocrx_word' id='word_1_396' title='bbox 618 2583 673 2634; x_wconf 83' lang='lat' dir='ltr'><strong>est;</strong></span> <span class='ocrx_word' id='word_1_397' title='bbox 686 2573 905 2644; x_wconf 80' lang='lat' dir='ltr'><strong>Tritiaeriamque</strong></span> <span class='ocrx_word' id='word_1_398' title='bbox 918 2588 1015 2642; x_wconf 79' lang='lat' dir='ltr'><strong>ingres·</strong></span> <span class='ocrx_word' id='word_1_399' title='bbox 1066 2584 1111 2631; x_wconf 92' lang='lat' dir='ltr'><strong>ctu</strong></span> <span class='ocrx_word' id='word_1_400' title='bbox 1122 2575 1277 2641; x_wconf 80' lang='lat' dir='ltr'><strong>convictus,</strong></span> <span class='ocrx_word' id='word_1_401' title='bbox 1302 2577 1383 2632; x_wconf 90' lang='lat' dir='ltr'><strong>rebus</strong></span> <span class='ocrx_word' id='word_1_402' title='bbox 1396 2577 1514 2632; x_wconf 80' lang='lat' dir='ltr'><strong>excessit</strong></span> <span class='ocrx_word' id='word_1_403' title='bbox 1533 2577 1665 2630; x_wconf 85' lang='lat' dir='ltr'><strong>hirmanis.</strong></span> <span class='ocrx_word' id='word_1_404' title='bbox 1687 2573 1858 2628; x_wconf 82' lang='lat' dir='ltr'><strong>hlaihssuen-</strong></span> 
     </span>
     <span class='ocr_line' id='line_1_33' title="bbox 220 2644 1858 2717; baseline -0.001 -16"><span class='ocrx_word' id='word_1_405' title='bbox 220 2665 261 2714; x_wconf 82' lang='lat' dir='ltr'><strong>sn,</strong></span> <span class='ocrx_word' id='word_1_406' title='bbox 285 2663 346 2701; x_wconf 80' lang='lat' dir='ltr'><strong>mos</strong></span> <span class='ocrx_word' id='word_1_407' title='bbox 367 2644 460 2710; x_wconf 86' lang='lat' dir='ltr'><strong>Gothi,</strong></span> <span class='ocrx_word' id='word_1_408' title='bbox 474 2646 520 2715; x_wconf 90' lang='lat' dir='ltr'><strong>qui</strong></span> <span class='ocrx_word' id='word_1_409' title='bbox 540 2646 739 2716; x_wconf 83' lang='lat' dir='ltr'><strong>Syracusanum</strong></span> <span class='ocrx_word' id='word_1_410' title='bbox 759 2645 887 2713; x_wconf 87' lang='lat' dir='ltr'><strong>oppidum</strong></span> <span class='ocrx_word' id='word_1_411' title='bbox 911 2644 1014 2700; x_wconf 89' lang='lat' dir='ltr'><strong>insiile-</strong></span> <span class='ocrx_word' id='word_1_412' title='bbox 1068 2656 1121 2701; x_wconf 90' lang='lat' dir='ltr'><strong>tam</strong></span> <span class='ocrx_word' id='word_1_413' title='bbox 1137 2660 1202 2702; x_wconf 88' lang='lat' dir='ltr'><strong>rere</strong></span> <span class='ocrx_word' id='word_1_414' title='bbox 1213 2645 1331 2715; x_wconf 83' lang='lat' dir='ltr'><strong>jugalem</strong></span> <span class='ocrx_word' id='word_1_415' title='bbox 1351 2647 1409 2717; x_wconf 82' lang='lat' dir='ltr'><strong>ejus</strong></span> <span class='ocrx_word' id='word_1_416' title='bbox 1425 2648 1499 2702; x_wconf 84' lang='lat' dir='ltr'><strong>iratri</strong></span> <span class='ocrx_word' id='word_1_417' title='bbox 1522 2661 1572 2700; x_wconf 88' lang='lat' dir='ltr'><strong>suo</strong></span> <span class='ocrx_word' id='word_1_418' title='bbox 1595 2647 1730 2710; x_wconf 80' lang='lat' dir='ltr'><strong>Germano</strong></span> <span class='ocrx_word' id='word_1_419' title='bbox 1743 2645 1858 2715; x_wconf 85' lang='lat' dir='ltr'><strong>patricio</strong></span> 
     </span>
     <span class='ocr_line' id='line_1_34' title="bbox 218 2713 1858 2787; baseline -0.002 -14"><span class='ocrx_word' id='word_1_420' title='bbox 218 2718 294 2780; x_wconf 87' lang='lat' dir='ltr'><strong>hant,</strong></span> <span class='ocrx_word' id='word_1_421' title='bbox 306 2716 428 2771; x_wconf 70' lang='lat' dir='ltr'><strong>sitientes</strong></span> <span class='ocrx_word' id='word_1_422' title='bbox 440 2730 470 2770; x_wconf 90' lang='lat' dir='ltr'><strong>se</strong></span> <span class='ocrx_word' id='word_1_423' title='bbox 483 2716 549 2770; x_wconf 87' lang='lat' dir='ltr'><strong>nihil</strong></span> <span class='ocrx_word' id='word_1_424' title='bbox 565 2713 720 2783; x_wconf 69' lang='lat' dir='ltr'><strong>praevalere,</strong></span> <span class='ocrx_word' id='word_1_425' title='bbox 735 2728 795 2769; x_wconf 92' lang='lat' dir='ltr'><strong>cum</strong></span> <span class='ocrx_word' id='word_1_426' title='bbox 810 2715 937 2770; x_wconf 89' lang='lat' dir='ltr'><strong>suodnee</strong></span> <span class='ocrx_word' id='word_1_427' title='bbox 952 2716 1015 2770; x_wconf 88' lang='lat' dir='ltr'><strong>Sin-</strong></span> <span class='ocrx_word' id='word_1_428' title='bbox 1067 2716 1208 2786; x_wconf 80' lang='lat' dir='ltr'><strong>coiijuoiit</strong></span> <span class='ocrx_word' id='word_1_429' title='bbox 1233 2718 1389 2784; x_wconf 88' lang='lat' dir='ltr'><strong>imperatur.</strong></span> <span class='ocrx_word' id='word_1_430' title='bbox 1412 2717 1450 2774; x_wconf 82' lang='lat' dir='ltr'><strong>ile</strong></span> <span class='ocrx_word' id='word_1_431' title='bbox 1472 2718 1568 2785; x_wconf 90' lang='lat' dir='ltr'><strong>quihus</strong></span> <span class='ocrx_word' id='word_1_432' title='bbox 1588 2717 1747 2787; x_wconf 82' lang='lat' dir='ltr'><strong>posthumus</strong></span> <span class='ocrx_word' id='word_1_433' title='bbox 1771 2716 1858 2782; x_wconf 85' lang='lat' dir='ltr'><strong>patris</strong></span> 
     </span>
     <span class='ocr_line' id='line_1_35' title="bbox 217 2781 1857 2860; baseline 0 -20"><span class='ocrx_word' id='word_1_434' title='bbox 217 2781 309 2841; x_wconf 89' lang='lat' dir='ltr'><strong>derieli</strong></span> <span class='ocrx_word' id='word_1_435' title='bbox 322 2787 392 2841; x_wconf 91' lang='lat' dir='ltr'><strong>uliro</strong></span> <span class='ocrx_word' id='word_1_436' title='bbox 414 2800 445 2840; x_wconf 90' lang='lat' dir='ltr'><strong>se</strong></span> <span class='ocrx_word' id='word_1_437' title='bbox 467 2785 600 2841; x_wconf 77' lang='lat' dir='ltr'><strong>belisario</strong></span> <span class='ocrx_word' id='word_1_438' title='bbox 616 2784 789 2840; x_wconf 88' lang='lat' dir='ltr'><strong>dediderunt.</strong></span> <span class='ocrx_word' id='word_1_439' title='bbox 811 2786 932 2854; x_wconf 85' lang='lat' dir='ltr'><strong>Cumque</strong></span> <span class='ocrx_word' id='word_1_440' title='bbox 950 2801 1015 2853; x_wconf 87' lang='lat' dir='ltr'><strong>ergo</strong></span> <span class='ocrx_word' id='word_1_441' title='bbox 1066 2785 1194 2843; x_wconf 82' lang='lat' dir='ltr'><strong>Germani</strong></span> <span class='ocrx_word' id='word_1_442' title='bbox 1208 2793 1287 2842; x_wconf 86' lang='lat' dir='ltr'><strong>natus</strong></span> <span class='ocrx_word' id='word_1_443' title='bbox 1300 2785 1382 2860; x_wconf 53' lang='lat'><strong>&amp;25</strong></span> <span class='ocrx_word' id='word_1_444' title='bbox 1401 2801 1442 2843; x_wconf 87' lang='lat' dir='ltr'><strong>esi</strong></span> <span class='ocrx_word' id='word_1_445' title='bbox 1467 2788 1546 2854; x_wconf 86' lang='lat' dir='ltr'><strong>illius,</strong></span> <span class='ocrx_word' id='word_1_446' title='bbox 1562 2788 1627 2849; x_wconf 85' lang='lat' dir='ltr'><strong>item</strong></span> <span class='ocrx_word' id='word_1_447' title='bbox 1644 2787 1813 2842; x_wconf 55' lang='lat' dir='ltr'><strong>Germanus,</strong></span> <span class='ocrx_word' id='word_1_448' title='bbox 1827 2785 1857 2840; x_wconf 88' lang='lat' dir='ltr'><strong>lrr</strong></span> 
     </span>
     <span class='ocr_line' id='line_1_36' title="bbox 218 2853 1857 2928; baseline -0.001 -16"><span class='ocrx_word' id='word_1_449' title='bbox 218 2858 355 2913; x_wconf 81' lang='lat' dir='ltr'><strong>Romanus</strong></span> <span class='ocrx_word' id='word_1_450' title='bbox 378 2857 475 2912; x_wconf 89' lang='lat' dir='ltr'><strong>doctor</strong></span> <span class='ocrx_word' id='word_1_451' title='bbox 504 2855 626 2912; x_wconf 87' lang='lat' dir='ltr'><strong>Siciliam</strong></span> <span class='ocrx_word' id='word_1_452' title='bbox 652 2854 832 2922; x_wconf 78' lang='lat' dir='ltr'><strong>perraslssei,</strong></span> <span class='ocrx_word' id='word_1_453' title='bbox 860 2855 1015 2911; x_wconf 76' lang='lat' dir='ltr'><strong>Theudotus</strong></span> <span class='ocrx_word' id='word_1_454' title='bbox 1066 2871 1120 2927; x_wconf 89' lang='lat' dir='ltr'><strong>quo</strong></span> <span class='ocrx_word' id='word_1_455' title='bbox 1143 2858 1288 2925; x_wconf 74' lang='lat' dir='ltr'><strong>coniuncta</strong></span> <span class='ocrx_word' id='word_1_456' title='bbox 1315 2858 1466 2914; x_wconf 78' lang='lat' dir='ltr'><strong>nririinrnm</strong></span> <span class='ocrx_word' id='word_1_457' title='bbox 1480 2873 1621 2928; x_wconf 82' lang='lat' dir='ltr'><strong>genscum</strong></span> <span class='ocrx_word' id='word_1_458' title='bbox 1644 2856 1740 2912; x_wconf 77' lang='lat' dir='ltr'><strong>amala</strong></span> <span class='ocrx_word' id='word_1_459' title='bbox 1758 2853 1857 2923; x_wconf 83' lang='lat' dir='ltr'><strong>stirpe,</strong></span> 
     </span>
     <span class='ocr_line' id='line_1_37' title="bbox 217 2924 1856 3001; baseline -0.001 -17"><span class='ocrx_word' id='word_1_460' title='bbox 217 2930 387 2997; x_wconf 82' lang='lat' dir='ltr'><strong>conperiens</strong></span> <span class='ocrx_word' id='word_1_461' title='bbox 410 2926 540 2983; x_wconf 80' lang='lat' dir='ltr'><strong>Erermur</strong></span> <span class='ocrx_word' id='word_1_462' title='bbox 557 2924 624 2999; x_wconf 62' lang='grc' dir='ltr'>[ιιι.</span> <span class='ocrx_word' id='word_1_463' title='bbox 645 2924 866 2998; x_wconf 81' lang='lat' dir='ltr'><strong>Ereiniundnm]</strong></span> <span class='ocrx_word' id='word_1_464' title='bbox 883 2941 1013 2995; x_wconf 79' lang='lat' dir='ltr'><strong>generum</strong></span> <span class='ocrx_word' id='word_1_465' title='bbox 1066 2941 1141 2997; x_wconf 84' lang='lat' dir='ltr'><strong>spem</strong></span> <span class='ocrx_word' id='word_1_466' title='bbox 1155 2927 1242 2982; x_wconf 88' lang='lat' dir='ltr'><strong>adhue</strong></span> <span class='ocrx_word' id='word_1_467' title='bbox 1266 2929 1406 2998; x_wconf 73' lang='lat' dir='ltr'><strong>utrinque</strong></span> <span class='ocrx_word' id='word_1_468' title='bbox 1419 2944 1539 3001; x_wconf 90' lang='lat' dir='ltr'><strong>generis,</strong></span> <span class='ocrx_word' id='word_1_469' title='bbox 1561 2928 1674 2985; x_wconf 86' lang='lat' dir='ltr'><strong>[lemine</strong></span> <span class='ocrx_word' id='word_1_470' title='bbox 1697 2933 1856 2995; x_wconf 80' lang='lat' dir='ltr'><strong>prestante,</strong></span> 
     </span>
     <span class='ocr_line' id='line_1_38' title="bbox 217 2995 1855 3070; baseline -0.001 -18"><span class='ocrx_word' id='word_1_471' title='bbox 217 3013 294 3054; x_wconf 90' lang='lat' dir='ltr'><strong>suino</strong></span> <span class='ocrx_word' id='word_1_472' title='bbox 306 3014 367 3053; x_wconf 92' lang='lat' dir='ltr'><strong>cuin</strong></span> <span class='ocrx_word' id='word_1_473' title='bbox 377 2998 500 3054; x_wconf 84' lang='lat' dir='ltr'><strong>exercitu</strong></span> <span class='ocrx_word' id='word_1_474' title='bbox 513 2998 548 3053; x_wconf 87' lang='lat' dir='ltr'><strong>ad</strong></span> <span class='ocrx_word' id='word_1_475' title='bbox 565 3000 661 3052; x_wconf 79' lang='lat' dir='ltr'><strong>[return</strong></span> <span class='ocrx_word' id='word_1_476' title='bbox 674 2996 745 3065; x_wconf 89' lang='lat' dir='ltr'><strong>qnod</strong></span> <span class='ocrx_word' id='word_1_477' title='bbox 757 2998 826 3052; x_wconf 90' lang='lat' dir='ltr'><strong>inter</strong></span> <span class='ocrx_word' id='word_1_478' title='bbox 838 2995 1014 3067; x_wconf 82' lang='lat' dir='ltr'><strong>Campanam</strong></span> <span class='ocrx_word' id='word_1_479' title='bbox 1067 2999 1209 3068; x_wconf 90' lang='lat' dir='ltr'><strong>promittit.</strong></span> <span class='ocrx_word' id='word_1_480' title='bbox 1225 2996 1282 3054; x_wconf 81' lang='lat' dir='ltr'><strong>iiuc</strong></span> <span class='ocrx_word' id='word_1_481' title='bbox 1295 3013 1378 3069; x_wconf 88' lang='lat' dir='ltr'><strong>usque</strong></span> <span class='ocrx_word' id='word_1_482' title='bbox 1391 3001 1517 3055; x_wconf 75' lang='lat' dir='ltr'><strong>Getarum</strong></span> <span class='ocrx_word' id='word_1_483' title='bbox 1539 3000 1625 3070; x_wconf 90' lang='lat' dir='ltr'><strong>urigo,</strong></span> <span class='ocrx_word' id='word_1_484' title='bbox 1650 3014 1682 3054; x_wconf 87' lang='lat' dir='ltr'><strong>ac</strong></span> <span class='ocrx_word' id='word_1_485' title='bbox 1695 2998 1855 3052; x_wconf 84' lang='lat' dir='ltr'><strong>dmaloruni</strong></span> 
     </span>
     <span class='ocr_line' id='line_1_39' title="bbox 217 3066 1859 3139; baseline -0.001 -15"><span class='ocrx_word' id='word_1_486' title='bbox 217 3068 393 3139; x_wconf 75' lang='lat' dir='ltr'><strong>Siciliamque</strong></span> <span class='ocrx_word' id='word_1_487' title='bbox 410 3068 570 3139; x_wconf 82' lang='lat' dir='ltr'><strong>interjacet,</strong></span> <span class='ocrx_word' id='word_1_488' title='bbox 594 3080 622 3124; x_wconf 88' lang='lat' dir='ltr'><strong>ei</strong></span> <span class='ocrx_word' id='word_1_489' title='bbox 641 3067 675 3122; x_wconf 87' lang='lat' dir='ltr'><strong>de</strong></span> <span class='ocrx_word' id='word_1_490' title='bbox 695 3066 827 3139; x_wconf 78' lang='lat' dir='ltr'><strong>Tyrrheni</strong></span> <span class='ocrx_word' id='word_1_491' title='bbox 853 3070 936 3122; x_wconf 90' lang='lat' dir='ltr'><strong>maris</strong></span> <span class='ocrx_word' id='word_1_492' title='bbox 950 3069 1014 3124; x_wconf 89' lang='lat' dir='ltr'><strong>sinu</strong></span> <span class='ocrx_word' id='word_1_493' title='bbox 1067 3069 1203 3136; x_wconf 74' lang='lat' dir='ltr'><strong>nobilitas,</strong></span> <span class='ocrx_word' id='word_1_494' title='bbox 1215 3077 1242 3125; x_wconf 91' lang='lat' dir='ltr'><strong>et</strong></span> <span class='ocrx_word' id='word_1_495' title='bbox 1252 3068 1372 3124; x_wconf 89' lang='lat' dir='ltr'><strong>iirornm</strong></span> <span class='ocrx_word' id='word_1_496' title='bbox 1388 3070 1495 3127; x_wconf 91' lang='lat' dir='ltr'><strong>lorlinm</strong></span> <span class='ocrx_word' id='word_1_497' title='bbox 1507 3071 1586 3136; x_wconf 77' lang='lat' dir='ltr'><strong>tasin,</strong></span> <span class='ocrx_word' id='word_1_498' title='bbox 1601 3085 1634 3125; x_wconf 85' lang='lat' dir='ltr'><strong>iic</strong></span> <span class='ocrx_word' id='word_1_499' title='bbox 1646 3067 1779 3124; x_wconf 81' lang='lat' dir='ltr'><strong>laudanda</strong></span> <span class='ocrx_word' id='word_1_500' title='bbox 1794 3083 1859 3137; x_wconf 87' lang='lat' dir='ltr'><strong>pro-</strong></span> 
     </span>
     <span class='ocr_line' id='line_1_40' title="bbox 218 3137 1859 3230; baseline -0.001 -38"><span class='ocrx_word' id='word_1_501' title='bbox 218 3142 387 3193; x_wconf 85' lang='lat' dir='ltr'><strong>raslissiinns</strong></span> <span class='ocrx_word' id='word_1_502' title='bbox 413 3137 582 3194; x_wconf 70' lang='lat' dir='ltr'><strong>hodiernus</strong></span> <span class='ocrx_word' id='word_1_503' title='bbox 595 3152 678 3194; x_wconf 76' lang='lat' dir='ltr'><strong>estus</strong></span> <span class='ocrx_word' id='word_1_504' title='bbox 697 3138 842 3202; x_wconf 83' lang='lat' dir='ltr'><strong>enutritur,</strong></span> <span class='ocrx_word' id='word_1_505' title='bbox 856 3138 1011 3193; x_wconf 86' lang='lat' dir='ltr'><strong>custodieri·</strong></span> <span class='ocrx_word' id='word_1_506' title='bbox 1026 3168 1049 3230; x_wconf 70' lang='lat' dir='ltr'><strong>c</strong></span> <span class='ocrx_word' id='word_1_507' title='bbox 1066 3141 1160 3208; x_wconf 83' lang='lat' dir='ltr'><strong>genies</strong></span> <span class='ocrx_word' id='word_1_508' title='bbox 1184 3140 1351 3195; x_wconf 78' lang='lat' dir='ltr'><strong>laudabiliori</strong></span> <span class='ocrx_word' id='word_1_509' title='bbox 1375 3143 1488 3210; x_wconf 77' lang='lat' dir='ltr'><strong>principi</strong></span> <span class='ocrx_word' id='word_1_510' title='bbox 1503 3146 1594 3205; x_wconf 85' lang='lat' dir='ltr'><strong>cessit,</strong></span> <span class='ocrx_word' id='word_1_511' title='bbox 1616 3152 1644 3195; x_wconf 91' lang='lat' dir='ltr'><strong>et</strong></span> <span class='ocrx_word' id='word_1_512' title='bbox 1668 3138 1771 3195; x_wconf 75' lang='lat' dir='ltr'><strong>inituri</strong></span> <span class='ocrx_word' id='word_1_513' title='bbox 1795 3137 1859 3193; x_wconf 90' lang='lat' dir='ltr'><strong>doci</strong></span> 
     </span>
     <span class='ocr_line' id='line_1_41' title="bbox 218 3206 1859 3281; baseline -0.001 -17"><span class='ocrx_word' id='word_1_514' title='bbox 218 3211 282 3264; x_wconf 92' lang='lat' dir='ltr'><strong>dum</strong></span> <span class='ocrx_word' id='word_1_515' title='bbox 300 3210 401 3281; x_wconf 78' lang='lat' dir='ltr'><strong>dirigit.</strong></span> <span class='ocrx_word' id='word_1_516' title='bbox 417 3209 466 3266; x_wconf 82' lang='lat' dir='ltr'><strong>ilbi</strong></span> <span class='ocrx_word' id='word_1_517' title='bbox 482 3226 543 3264; x_wconf 92' lang='lat' dir='ltr'><strong>cum</strong></span> <span class='ocrx_word' id='word_1_518' title='bbox 561 3209 691 3264; x_wconf 80' lang='lat' dir='ltr'><strong>Ererinor</strong></span> <span class='ocrx_word' id='word_1_519' title='bbox 703 3209 873 3277; x_wconf 86' lang='lat' dir='ltr'><strong>accessisset,</strong></span> <span class='ocrx_word' id='word_1_520' title='bbox 890 3210 923 3263; x_wconf 89' lang='lat' dir='ltr'><strong>ad</strong></span> <span class='ocrx_word' id='word_1_521' title='bbox 940 3208 1011 3264; x_wconf 84' lang='lat' dir='ltr'><strong>lihe-</strong></span> <span class='ocrx_word' id='word_1_522' title='bbox 1065 3225 1161 3265; x_wconf 86' lang='lat' dir='ltr'><strong>manus</strong></span> <span class='ocrx_word' id='word_1_523' title='bbox 1174 3209 1249 3265; x_wconf 90' lang='lat' dir='ltr'><strong>dedit</strong></span> <span class='ocrx_word' id='word_1_524' title='bbox 1262 3227 1270 3264; x_wconf 75' lang='grc' dir='ltr'>ι</span> <span class='ocrx_word' id='word_1_525' title='bbox 1283 3210 1361 3280; x_wconf 83' lang='lat' dir='ltr'><strong>cujus</strong></span> <span class='ocrx_word' id='word_1_526' title='bbox 1376 3214 1445 3266; x_wconf 86' lang='lat' dir='ltr'><strong>lama</strong></span> <span class='ocrx_word' id='word_1_527' title='bbox 1463 3212 1544 3267; x_wconf 87' lang='lat' dir='ltr'><strong>nullis</strong></span> <span class='ocrx_word' id='word_1_528' title='bbox 1558 3211 1675 3276; x_wconf 76' lang='lat' dir='ltr'><strong>saeculis,</strong></span> <span class='ocrx_word' id='word_1_529' title='bbox 1691 3209 1776 3265; x_wconf 88' lang='lat' dir='ltr'><strong>nullis</strong></span> <span class='ocrx_word' id='word_1_530' title='bbox 1790 3206 1859 3263; x_wconf 87' lang='lat' dir='ltr'><strong>sile·</strong></span> 
     </span>
     <span class='ocr_line' id='line_1_42' title="bbox 218 3275 1859 3350; baseline 0.001 -18"><span class='ocrx_word' id='word_1_531' title='bbox 218 3282 291 3349; x_wconf 75' lang='lat' dir='ltr'><strong>glum</strong></span> <span class='ocrx_word' id='word_1_532' title='bbox 304 3280 431 3350; x_wconf 87' lang='lat' dir='ltr'><strong>oppidum</strong></span> <span class='ocrx_word' id='word_1_533' title='bbox 446 3291 536 3336; x_wconf 89' lang='lat' dir='ltr'><strong>castra</strong></span> <span class='ocrx_word' id='word_1_534' title='bbox 547 3280 708 3349; x_wconf 87' lang='lat' dir='ltr'><strong>eenipusnit.</strong></span> <span class='ocrx_word' id='word_1_535' title='bbox 727 3275 783 3334; x_wconf 82' lang='lat' dir='ltr'><strong>Nee</strong></span> <span class='ocrx_word' id='word_1_536' title='bbox 797 3293 882 3344; x_wconf 87' lang='lat' dir='ltr'><strong>mera,</strong></span> <span class='ocrx_word' id='word_1_537' title='bbox 896 3281 1011 3335; x_wconf 81' lang='lat' dir='ltr'><strong>deterio-</strong></span> <span class='ocrx_word' id='word_1_538' title='bbox 1063 3279 1135 3336; x_wconf 84' lang='lat' dir='ltr'><strong>hilur</strong></span> <span class='ocrx_word' id='word_1_539' title='bbox 1145 3280 1279 3336; x_wconf 78' lang='lat' dir='ltr'><strong>aetatibus.</strong></span> <span class='ocrx_word' id='word_1_540' title='bbox 1293 3281 1339 3336; x_wconf 83' lang='lat' dir='ltr'><strong>Sic</strong></span> <span class='ocrx_word' id='word_1_541' title='bbox 1353 3282 1438 3338; x_wconf 79' lang='lat' dir='ltr'><strong>uictor</strong></span> <span class='ocrx_word' id='word_1_542' title='bbox 1452 3297 1483 3337; x_wconf 90' lang='lat' dir='ltr'><strong>ae</strong></span> <span class='ocrx_word' id='word_1_543' title='bbox 1496 3282 1676 3345; x_wconf 88' lang='lat' dir='ltr'><strong>triumphator</strong></span> <span class='ocrx_word' id='word_1_544' title='bbox 1689 3279 1859 3336; x_wconf 79' lang='lat' dir='ltr'><strong>lastinianus</strong></span> 
     </span>
     <span class='ocr_line' id='line_1_43' title="bbox 220 3349 1859 3422; baseline -0.001 -18"><span class='ocrx_word' id='word_1_545' title='bbox 220 3359 304 3405; x_wconf 84' lang='lat' dir='ltr'><strong>ratuni</strong></span> <span class='ocrx_word' id='word_1_546' title='bbox 331 3365 440 3405; x_wconf 84' lang='lat' dir='ltr'><strong>eausam</strong></span> <span class='ocrx_word' id='word_1_547' title='bbox 467 3366 582 3406; x_wconf 85' lang='lat' dir='ltr'><strong>cernens</strong></span> <span class='ocrx_word' id='word_1_548' title='bbox 597 3366 718 3418; x_wconf 81' lang='lat' dir='ltr'><strong>suerunt,</strong></span> <span class='ocrx_word' id='word_1_549' title='bbox 732 3350 767 3403; x_wconf 90' lang='lat' dir='ltr'><strong>ad</strong></span> <span class='ocrx_word' id='word_1_550' title='bbox 794 3359 885 3419; x_wconf 87' lang='lat' dir='ltr'><strong>partes</strong></span> <span class='ocrx_word' id='word_1_551' title='bbox 900 3350 1011 3408; x_wconf 79' lang='lat' dir='ltr'><strong>uictoris</strong></span> <span class='ocrx_word' id='word_1_552' title='bbox 1064 3351 1210 3421; x_wconf 87' lang='lat' dir='ltr'><strong>imperatur</strong></span> <span class='ocrx_word' id='word_1_553' title='bbox 1220 3360 1247 3406; x_wconf 91' lang='lat' dir='ltr'><strong>et</strong></span> <span class='ocrx_word' id='word_1_554' title='bbox 1259 3354 1354 3407; x_wconf 90' lang='lat' dir='ltr'><strong>consul</strong></span> <span class='ocrx_word' id='word_1_555' title='bbox 1379 3352 1536 3422; x_wconf 78' lang='lat' dir='ltr'><strong>belisarius,</strong></span> <span class='ocrx_word' id='word_1_556' title='bbox 1552 3351 1711 3416; x_wconf 88' lang='lat' dir='ltr'><strong>Wandaiiei,</strong></span> <span class='ocrx_word' id='word_1_557' title='bbox 1726 3349 1859 3413; x_wconf 79' lang='lat' dir='ltr'><strong>dirieaui,</strong></span> 
     </span>
     <span class='ocr_line' id='line_1_44' title="bbox 218 3420 1859 3494; baseline 0 -19"><span class='ocrx_word' id='word_1_558' title='bbox 218 3423 382 3491; x_wconf 85' lang='lat' dir='ltr'><strong>campaneis</strong></span> <span class='ocrx_word' id='word_1_559' title='bbox 402 3420 601 3476; x_wconf 78' lang='lat' dir='ltr'><strong>etddelissiinis</strong></span> <span class='ocrx_word' id='word_1_560' title='bbox 613 3420 718 3475; x_wconf 89' lang='lat' dir='ltr'><strong>lariruiis</strong></span> <span class='ocrx_word' id='word_1_561' title='bbox 730 3422 845 3476; x_wconf 81' lang='lat' dir='ltr'><strong>conse-is</strong></span> <span class='ocrx_word' id='word_1_562' title='bbox 857 3425 950 3486; x_wconf 76' lang='lat' dir='ltr'><strong>missit,</strong></span> <span class='ocrx_word' id='word_1_563' title='bbox 966 3423 1008 3476; x_wconf 89' lang='lat' dir='ltr'><strong>ui·</strong></span> <span class='ocrx_word' id='word_1_564' title='bbox 1062 3420 1204 3492; x_wconf 75' lang='lat' dir='ltr'><strong>Geticique</strong></span> <span class='ocrx_word' id='word_1_565' title='bbox 1215 3421 1351 3478; x_wconf 90' lang='lat' dir='ltr'><strong>dicuutur.</strong></span> <span class='ocrx_word' id='word_1_566' title='bbox 1365 3423 1426 3479; x_wconf 84' lang='lat' dir='ltr'><strong>llaec</strong></span> <span class='ocrx_word' id='word_1_567' title='bbox 1436 3425 1481 3494; x_wconf 92' lang='lat' dir='ltr'><strong>qui</strong></span> <span class='ocrx_word' id='word_1_568' title='bbox 1495 3426 1571 3492; x_wconf 86' lang='lat' dir='ltr'><strong>legis,</strong></span> <span class='ocrx_word' id='word_1_569' title='bbox 1588 3425 1657 3478; x_wconf 89' lang='lat' dir='ltr'><strong>scito</strong></span> <span class='ocrx_word' id='word_1_570' title='bbox 1679 3435 1723 3476; x_wconf 91' lang='lat' dir='ltr'><strong>me</strong></span> <span class='ocrx_word' id='word_1_571' title='bbox 1735 3426 1859 3475; x_wconf 86' lang='lat' dir='ltr'><strong>reterdui</strong></span> 
     </span>
     <span class='ocr_line' id='line_1_45' title="bbox 219 3491 1860 3563; baseline 0.002 -21"><span class='ocrx_word' id='word_1_572' title='bbox 219 3507 313 3560; x_wconf 84' lang='lat' dir='ltr'><strong>troque</strong></span> <span class='ocrx_word' id='word_1_573' title='bbox 328 3507 358 3548; x_wconf 90' lang='lat' dir='ltr'><strong>se</strong></span> <span class='ocrx_word' id='word_1_574' title='bbox 371 3492 491 3547; x_wconf 88' lang='lat' dir='ltr'><strong>Belisarii</strong></span> <span class='ocrx_word' id='word_1_575' title='bbox 508 3493 618 3559; x_wconf 91' lang='lat' dir='ltr'><strong>pedihus</strong></span> <span class='ocrx_word' id='word_1_576' title='bbox 632 3491 789 3556; x_wconf 83' lang='lat' dir='ltr'><strong>advolvens,</strong></span> <span class='ocrx_word' id='word_1_577' title='bbox 804 3491 919 3546; x_wconf 81' lang='lat' dir='ltr'><strong>Romani</strong></span> <span class='ocrx_word' id='word_1_578' title='bbox 934 3492 1009 3563; x_wconf 87' lang='lat' dir='ltr'><strong>regni</strong></span> <span class='ocrx_word' id='word_1_579' title='bbox 1062 3501 1183 3548; x_wconf 77' lang='lat' dir='ltr'><strong>seculum</strong></span> <span class='ocrx_word' id='word_1_580' title='bbox 1198 3493 1308 3563; x_wconf 84' lang='lat' dir='ltr'><strong>scripta,</strong></span> <span class='ocrx_word' id='word_1_581' title='bbox 1333 3508 1365 3549; x_wconf 88' lang='lat' dir='ltr'><strong>eii</strong></span> <span class='ocrx_word' id='word_1_582' title='bbox 1385 3508 1479 3558; x_wconf 88' lang='lat' dir='ltr'><strong>eornm</strong></span> <span class='ocrx_word' id='word_1_583' title='bbox 1503 3494 1630 3563; x_wconf 79' lang='lat' dir='ltr'><strong>spirius-s</strong></span> <span class='ocrx_word' id='word_1_584' title='bbox 1656 3491 1742 3562; x_wconf 79' lang='lat' dir='ltr'><strong>pratis</strong></span> <span class='ocrx_word' id='word_1_585' title='bbox 1753 3505 1860 3562; x_wconf 74' lang='lat' dir='ltr'><strong>partein</strong></span> 
     </span>
     <span class='ocr_line' id='line_1_46' title="bbox 219 3559 1860 3634; baseline 0.001 -18"><span class='ocrx_word' id='word_1_586' title='bbox 219 3572 295 3629; x_wconf 88' lang='lat' dir='ltr'><strong>optat</strong></span> <span class='ocrx_word' id='word_1_587' title='bbox 307 3563 409 3618; x_wconf 70' lang='lat' dir='ltr'><strong>servire</strong></span> <span class='ocrx_word' id='word_1_588' title='bbox 423 3564 599 3634; x_wconf 74' lang='lat' dir='ltr'><strong>principibus.</strong></span> <span class='ocrx_word' id='word_1_589' title='bbox 622 3561 698 3629; x_wconf 85' lang='lat' dir='ltr'><strong>Quod</strong></span> <span class='ocrx_word' id='word_1_590' title='bbox 712 3560 861 3617; x_wconf 87' lang='lat' dir='ltr'><strong>Gothorum</strong></span> <span class='ocrx_word' id='word_1_591' title='bbox 873 3576 1010 3620; x_wconf 81' lang='lat' dir='ltr'><strong>exereitus</strong></span> <span class='ocrx_word' id='word_1_592' title='bbox 1063 3563 1144 3619; x_wconf 72' lang='lat' dir='ltr'><strong>dines</strong></span> <span class='ocrx_word' id='word_1_593' title='bbox 1158 3564 1310 3633; x_wconf 84' lang='lat' dir='ltr'><strong>collegisse,</strong></span> <span class='ocrx_word' id='word_1_594' title='bbox 1328 3564 1398 3620; x_wconf 89' lang='lat' dir='ltr'><strong>uude</strong></span> <span class='ocrx_word' id='word_1_595' title='bbox 1422 3565 1565 3634; x_wconf 82' lang='lat' dir='ltr'><strong>inquirenti</strong></span> <span class='ocrx_word' id='word_1_596' title='bbox 1593 3577 1642 3631; x_wconf 89' lang='lat' dir='ltr'><strong>pru</strong></span> <span class='ocrx_word' id='word_1_597' title='bbox 1655 3570 1734 3632; x_wconf 87' lang='lat' dir='ltr'><strong>captu</strong></span> <span class='ocrx_word' id='word_1_598' title='bbox 1758 3559 1860 3622; x_wconf 78' lang='lat' dir='ltr'><strong>ingenii</strong></span> 
     </span>
     <span class='ocr_line' id='line_1_47' title="bbox 219 3633 1890 3704; baseline -0.001 -17"><span class='ocrx_word' id='word_1_599' title='bbox 219 3634 349 3701; x_wconf 84' lang='lat' dir='ltr'><strong>scniieus,</strong></span> <span class='ocrx_word' id='word_1_600' title='bbox 364 3644 519 3704; x_wconf 90' lang='lat' dir='ltr'><strong>suspectum</strong></span> <span class='ocrx_word' id='word_1_601' title='bbox 533 3634 701 3689; x_wconf 85' lang='lat' dir='ltr'><strong>Theudaiuni</strong></span> <span class='ocrx_word' id='word_1_602' title='bbox 717 3635 839 3688; x_wconf 86' lang='lat' dir='ltr'><strong>clamitat</strong></span> <span class='ocrx_word' id='word_1_603' title='bbox 855 3647 939 3704; x_wconf 89' lang='lat' dir='ltr'><strong>regno</strong></span> <span class='ocrx_word' id='word_1_604' title='bbox 955 3634 1011 3701; x_wconf 89' lang='lat' dir='ltr'><strong>pel·</strong></span> <span class='ocrx_word' id='word_1_605' title='bbox 1065 3633 1118 3688; x_wconf 90' lang='lat' dir='ltr'><strong>inei</strong></span> <span class='ocrx_word' id='word_1_606' title='bbox 1142 3649 1269 3689; x_wconf 89' lang='lat' dir='ltr'><strong>eoronam</strong></span> <span class='ocrx_word' id='word_1_607' title='bbox 1290 3646 1473 3691; x_wconf 79' lang='lat' dir='ltr'><strong>contexerem.</strong></span> <span class='ocrx_word' id='word_1_608' title='bbox 1494 3635 1548 3690; x_wconf 86' lang='lat' dir='ltr'><strong>Nec</strong></span> <span class='ocrx_word' id='word_1_609' title='bbox 1564 3650 1608 3689; x_wconf 90' lang='lat' dir='ltr'><strong>me</strong></span> <span class='ocrx_word' id='word_1_610' title='bbox 1622 3637 1681 3703; x_wconf 90' lang='lat' dir='ltr'><strong>quis</strong></span> <span class='ocrx_word' id='word_1_611' title='bbox 1698 3639 1725 3687; x_wconf 91' lang='lat' dir='ltr'><strong>in</strong></span> <span class='ocrx_word' id='word_1_612' title='bbox 1740 3634 1862 3686; x_wconf 69' lang='lat' dir='ltr'><strong>lacerem</strong></span> <span class='ocrx_word' id='word_1_613' title='bbox 1882 3685 1890 3698; x_wconf 69' lang='grc'><em>,</em></span> 
     </span>
     <span class='ocr_line' id='line_1_48' title="bbox 219 3701 1862 3776; baseline -0.002 -18"><span class='ocrx_word' id='word_1_614' title='bbox 219 3701 339 3768; x_wconf 79' lang='lat' dir='ltr'><strong>lendnih,</strong></span> <span class='ocrx_word' id='word_1_615' title='bbox 351 3715 378 3759; x_wconf 89' lang='lat' dir='ltr'><strong>ct</strong></span> <span class='ocrx_word' id='word_1_616' title='bbox 392 3707 442 3760; x_wconf 88' lang='lat' dir='ltr'><strong>sihi</strong></span> <span class='ocrx_word' id='word_1_617' title='bbox 453 3705 593 3759; x_wconf 78' lang='lat' dir='ltr'><strong>ductorem</strong></span> <span class='ocrx_word' id='word_1_618' title='bbox 604 3718 682 3769; x_wconf 87' lang='lat' dir='ltr'><strong>suum</strong></span> <span class='ocrx_word' id='word_1_619' title='bbox 697 3702 826 3775; x_wconf 79' lang='lat' dir='ltr'><strong>witigim,</strong></span> <span class='ocrx_word' id='word_1_620' title='bbox 838 3720 882 3773; x_wconf 92' lang='lat' dir='ltr'><strong>qui</strong></span> <span class='ocrx_word' id='word_1_621' title='bbox 893 3704 1010 3774; x_wconf 77' lang='lat' dir='ltr'><strong>criniger</strong></span> <span class='ocrx_word' id='word_1_622' title='bbox 1063 3704 1152 3775; x_wconf 89' lang='lat' dir='ltr'><strong>gentis</strong></span> <span class='ocrx_word' id='word_1_623' title='bbox 1166 3706 1313 3775; x_wconf 79' lang='lat' dir='ltr'><strong>predicte,</strong></span> <span class='ocrx_word' id='word_1_624' title='bbox 1331 3706 1408 3776; x_wconf 89' lang='lat' dir='ltr'><strong>quasi</strong></span> <span class='ocrx_word' id='word_1_625' title='bbox 1422 3723 1457 3761; x_wconf 80' lang='lat' dir='ltr'><strong>es</strong></span> <span class='ocrx_word' id='word_1_626' title='bbox 1475 3707 1532 3775; x_wconf 89' lang='lat' dir='ltr'><strong>ipsa</strong></span> <span class='ocrx_word' id='word_1_627' title='bbox 1548 3707 1699 3760; x_wconf 79' lang='lat' dir='ltr'><strong>trahentem</strong></span> <span class='ocrx_word' id='word_1_628' title='bbox 1713 3705 1862 3772; x_wconf 73' lang='lat' dir='ltr'><strong>originem,</strong></span> 
     </span>
     <span class='ocr_line' id='line_1_49' title="bbox 219 3775 1862 3847; baseline 0.001 -21"><span class='ocrx_word' id='word_1_629' title='bbox 219 3775 277 3843; x_wconf 83' lang='lat' dir='ltr'><strong>ejus</strong></span> <span class='ocrx_word' id='word_1_630' title='bbox 293 3775 389 3841; x_wconf 88' lang='lat' dir='ltr'><strong>luerat,</strong></span> <span class='ocrx_word' id='word_1_631' title='bbox 409 3793 433 3830; x_wconf 92' lang='lat' dir='ltr'><strong>m</strong></span> <span class='ocrx_word' id='word_1_632' title='bbox 449 3791 538 3845; x_wconf 85' lang='lat' dir='ltr'><strong>regem</strong></span> <span class='ocrx_word' id='word_1_633' title='bbox 551 3776 692 3829; x_wconf 76' lang='lat' dir='ltr'><strong>lei-nidum</strong></span> <span class='ocrx_word' id='word_1_634' title='bbox 703 3790 710 3837; x_wconf 86' lang='grc'>;</span> <span class='ocrx_word' id='word_1_635' title='bbox 722 3777 793 3843; x_wconf 85' lang='lat' dir='ltr'><strong>quud</strong></span> <span class='ocrx_word' id='word_1_636' title='bbox 805 3786 833 3829; x_wconf 88' lang='lat' dir='ltr'><strong>et</strong></span> <span class='ocrx_word' id='word_1_637' title='bbox 846 3776 943 3830; x_wconf 88' lang='lat' dir='ltr'><strong>lactum</strong></span> <span class='ocrx_word' id='word_1_638' title='bbox 956 3782 1009 3831; x_wconf 84' lang='lat' dir='ltr'><strong>est.</strong></span> <span class='ocrx_word' id='word_1_639' title='bbox 1064 3775 1152 3844; x_wconf 85' lang='lat' dir='ltr'><strong>aliqua</strong></span> <span class='ocrx_word' id='word_1_640' title='bbox 1166 3775 1302 3830; x_wconf 79' lang='lat' dir='ltr'><strong>addidisse</strong></span> <span class='ocrx_word' id='word_1_641' title='bbox 1315 3779 1419 3842; x_wconf 87' lang='lat' dir='ltr'><strong>credat,</strong></span> <span class='ocrx_word' id='word_1_642' title='bbox 1432 3792 1511 3846; x_wconf 84' lang='lat' dir='ltr'><strong>qnam</strong></span> <span class='ocrx_word' id='word_1_643' title='bbox 1522 3791 1582 3847; x_wconf 69' lang='lat' dir='ltr'><strong>qnae</strong></span> <span class='ocrx_word' id='word_1_644' title='bbox 1593 3776 1655 3845; x_wconf 90' lang='lat' dir='ltr'><strong>legi,</strong></span> <span class='ocrx_word' id='word_1_645' title='bbox 1668 3782 1714 3829; x_wconf 83' lang='lat' dir='ltr'><strong>aiil</strong></span> <span class='ocrx_word' id='word_1_646' title='bbox 1726 3775 1862 3842; x_wconf 79' lang='lat' dir='ltr'><strong>comperi.</strong></span> 
     </span>
     <span class='ocr_line' id='line_1_50' title="bbox 220 3843 1864 3918; baseline -0.001 -19"><span class='ocrx_word' id='word_1_647' title='bbox 220 3846 253 3900; x_wconf 81' lang='lat' dir='ltr'><strong>Et</strong></span> <span class='ocrx_word' id='word_1_648' title='bbox 266 3861 326 3900; x_wconf 81' lang='lat' dir='ltr'><strong>nius</strong></span> <span class='ocrx_word' id='word_1_649' title='bbox 343 3863 369 3901; x_wconf 91' lang='lat' dir='ltr'><strong>in</strong></span> <span class='ocrx_word' id='word_1_650' title='bbox 384 3848 488 3913; x_wconf 79' lang='lat' dir='ltr'><strong>campis</strong></span> <span class='ocrx_word' id='word_1_651' title='bbox 512 3845 659 3904; x_wconf 82' lang='lat' dir='ltr'><strong>barbaricis</strong></span> <span class='ocrx_word' id='word_1_652' title='bbox 684 3843 789 3915; x_wconf 80' lang='lat' dir='ltr'><strong>witigis</strong></span> <span class='ocrx_word' id='word_1_653' title='bbox 804 3845 830 3900; x_wconf 94' lang='lat' dir='ltr'><strong>in</strong></span> <span class='ocrx_word' id='word_1_654' title='bbox 845 3859 956 3915; x_wconf 88' lang='lat' dir='ltr'><strong>regnum</strong></span> <span class='ocrx_word' id='word_1_655' title='bbox 973 3847 1012 3901; x_wconf 85' lang='lat' dir='ltr'><strong>le-</strong></span> <span class='ocrx_word' id='word_1_656' title='bbox 1063 3845 1120 3901; x_wconf 80' lang='lat' dir='ltr'><strong>Nee</strong></span> <span class='ocrx_word' id='word_1_657' title='bbox 1133 3846 1156 3900; x_wconf 90' lang='lat' dir='ltr'><strong>sl</strong></span> <span class='ocrx_word' id='word_1_658' title='bbox 1176 3854 1267 3900; x_wconf 89' lang='lat' dir='ltr'><strong>tamen</strong></span> <span class='ocrx_word' id='word_1_659' title='bbox 1291 3858 1398 3918; x_wconf 89' lang='lat' dir='ltr'><strong>cuncta,</strong></span> <span class='ocrx_word' id='word_1_660' title='bbox 1411 3863 1470 3918; x_wconf 80' lang='lat' dir='ltr'><strong>que</strong></span> <span class='ocrx_word' id='word_1_661' title='bbox 1485 3847 1519 3903; x_wconf 89' lang='lat' dir='ltr'><strong>de</strong></span> <span class='ocrx_word' id='word_1_662' title='bbox 1546 3847 1612 3915; x_wconf 89' lang='lat' dir='ltr'><strong>ipsis</strong></span> <span class='ocrx_word' id='word_1_663' title='bbox 1637 3845 1792 3901; x_wconf 83' lang='lat' dir='ltr'><strong>scribuntur</strong></span> <span class='ocrx_word' id='word_1_664' title='bbox 1814 3852 1864 3896; x_wconf 88' lang='lat' dir='ltr'><strong>aut</strong></span> 
     </span>
     <span class='ocr_line' id='line_1_51' title="bbox 219 3909 1865 4039; baseline 0.001 -72"><span class='ocrx_word' id='word_1_665' title='bbox 219 3923 296 3970; x_wconf 78' lang='lat' dir='ltr'><strong>vitus</strong></span> <span class='ocrx_word' id='word_1_666' title='bbox 309 3909 420 3972; x_wconf 74' lang='lat' dir='ltr'><strong>licinum</strong></span> <span class='ocrx_word' id='word_1_667' title='bbox 445 3919 604 3986; x_wconf 78' lang='lat' dir='ltr'><strong>ingreditur,</strong></span> <span class='ocrx_word' id='word_1_668' title='bbox 622 3917 829 4039; x_wconf 52' lang='grc' dir='ltr'><strong>ιΙιιιιιιιιιιιειιιιι</strong></span> <span class='ocrx_word' id='word_1_669' title='bbox 854 3916 1011 3970; x_wconf 72' lang='lat' dir='ltr'><strong>habersuam</strong></span> <span class='ocrx_word' id='word_1_670' title='bbox 1065 3915 1238 3982; x_wconf 85' lang='lat' dir='ltr'><strong>reseruntur,</strong></span> <span class='ocrx_word' id='word_1_671' title='bbox 1263 3920 1422 3987; x_wconf 82' lang='lat' dir='ltr'><strong>complexus</strong></span> <span class='ocrx_word' id='word_1_672' title='bbox 1443 3931 1527 3972; x_wconf 88' lang='lat' dir='ltr'><strong>sum:</strong></span> <span class='ocrx_word' id='word_1_673' title='bbox 1552 3932 1603 3972; x_wconf 89' lang='lat' dir='ltr'><strong>nec</strong></span> <span class='ocrx_word' id='word_1_674' title='bbox 1623 3926 1728 3972; x_wconf 89' lang='lat' dir='ltr'><strong>tantimt</strong></span> <span class='ocrx_word' id='word_1_675' title='bbox 1754 3915 1788 3969; x_wconf 83' lang='lat' dir='ltr'><strong>ad</strong></span> <span class='ocrx_word' id='word_1_676' title='bbox 1815 3928 1865 3967; x_wconf 86' lang='lat' dir='ltr'><strong>ee·</strong></span> 
     </span>
     <span class='ocr_line' id='line_1_52' title="bbox 221 3985 1864 4060; baseline 0.002 -21"><span class='ocrx_word' id='word_1_677' title='bbox 221 3987 443 4042; x_wconf 84' lang='lat' dir='ltr'><strong>lidelissiinissihi</strong></span> <span class='ocrx_word' id='word_1_678' title='bbox 458 3987 619 4051; x_wconf 71' lang='lat' dir='ltr'><strong>subsilire</strong></span> <span class='ocrx_word' id='word_1_679' title='bbox 639 3988 676 4040; x_wconf 78' lang='lat' dir='ltr'><strong>:iti</strong></span> <span class='ocrx_word' id='word_1_680' title='bbox 692 3999 782 4040; x_wconf 80' lang='lat' dir='ltr'><strong>neceni</strong></span> <span class='ocrx_word' id='word_1_681' title='bbox 793 3986 947 4040; x_wconf 81' lang='lat' dir='ltr'><strong>demandat.</strong></span> <span class='ocrx_word' id='word_1_682' title='bbox 960 3988 1011 4053; x_wconf 74' lang='lat' dir='ltr'><strong>Qui</strong></span> <span class='ocrx_word' id='word_1_683' title='bbox 1064 4002 1124 4042; x_wconf 90' lang='lat' dir='ltr'><strong>rum</strong></span> <span class='ocrx_word' id='word_1_684' title='bbox 1150 3985 1256 4043; x_wconf 86' lang='lat' dir='ltr'><strong>laudem</strong></span> <span class='ocrx_word' id='word_1_685' title='bbox 1277 4000 1407 4057; x_wconf 89' lang='lat' dir='ltr'><strong>quantum</strong></span> <span class='ocrx_word' id='word_1_686' title='bbox 1424 3988 1483 4060; x_wconf 72' lang='lat' dir='ltr'><strong>eius</strong></span> <span class='ocrx_word' id='word_1_687' title='bbox 1503 3989 1607 4044; x_wconf 91' lang='lat' dir='ltr'><strong>laudem</strong></span> <span class='ocrx_word' id='word_1_688' title='bbox 1621 3987 1668 4059; x_wconf 84' lang='lat' dir='ltr'><strong>qui</strong></span> <span class='ocrx_word' id='word_1_689' title='bbox 1690 3987 1757 4042; x_wconf 84' lang='lat' dir='ltr'><strong>uicit</strong></span> <span class='ocrx_word' id='word_1_690' title='bbox 1778 3999 1864 4055; x_wconf 78' lang='lat' dir='ltr'><strong>expe·</strong></span> 
     </span>
     <span class='ocr_line' id='line_1_53' title="bbox 220 4054 1146 4125; baseline 0.005 -19"><span class='ocrx_word' id='word_1_691' title='bbox 220 4058 371 4123; x_wconf 85' lang='lat' dir='ltr'><strong>uenientes,</strong></span> <span class='ocrx_word' id='word_1_692' title='bbox 388 4057 517 4125; x_wconf 88' lang='lat' dir='ltr'><strong>imperata</strong></span> <span class='ocrx_word' id='word_1_693' title='bbox 530 4057 582 4111; x_wconf 88' lang='lat' dir='ltr'><strong>sihi</strong></span> <span class='ocrx_word' id='word_1_694' title='bbox 595 4055 910 4124; x_wconf 84' lang='lat' dir='ltr'><strong>perdciuni,etuccisum</strong></span> <span class='ocrx_word' id='word_1_695' title='bbox 920 4054 1011 4111; x_wconf 80' lang='lat' dir='ltr'><strong>Theu-</strong></span> <span class='ocrx_word' id='word_1_696' title='bbox 1067 4071 1146 4112; x_wconf 86' lang='lat' dir='ltr'><strong>nens.</strong></span> 
     </span>
    </p>
   </div>
   <div class='ocr_carea' id='block_1_5' title="bbox 220 4201 1838 4246">
    <p class='ocr_par' dir='ltr' id='par_1_8' title="bbox 220 4201 1838 4246">
     <span class='ocr_line' id='line_1_54' title="bbox 220 4201 1838 4246; baseline -0.001 -2"><span class='ocrx_word' id='word_1_697' title='bbox 220 4201 1838 4246; x_wconf 51' lang='lat' dir='ltr'><em>m</em></span> 
     </span>
    </p>
   </div>
   <div class='ocr_carea' id='block_1_6' title="bbox 250 4330 1829 4474">
    <p class='ocr_par' dir='ltr' id='par_1_9' title="bbox 250 4330 1829 4474">
     <span class='ocr_line' id='line_1_55' title="bbox 250 4330 1829 4474; baseline 0.002 -39"><span class='ocrx_word' id='word_1_698' title='bbox 250 4332 450 4439; x_wconf 85' lang='lat' dir='ltr'><strong>INDEX</strong></span> <span class='ocrx_word' id='word_1_699' title='bbox 474 4333 729 4474; x_wconf 80' lang='lat' dir='ltr'><strong>RERUM,</strong></span> <span class='ocrx_word' id='word_1_700' title='bbox 768 4330 1133 4441; x_wconf 83' lang='lat' dir='ltr'>VERBORUM</span> <span class='ocrx_word' id='word_1_701' title='bbox 1171 4333 1254 4436; x_wconf 88' lang='lat' dir='ltr'><strong>ET</strong></span> <span class='ocrx_word' id='word_1_702' title='bbox 1294 4330 1829 4472; x_wconf 74' lang='lat' dir='ltr'><strong>SENTENTIARUM‚</strong></span> 
     </span>
    </p>
   </div>
   <div class='ocr_carea' id='block_1_7' title="bbox 688 4480 1483 4575">
    <p class='ocr_par' dir='ltr' id='par_1_10' title="bbox 688 4480 1483 4575">
     <span class='ocr_line' id='line_1_56' title="bbox 688 4480 1483 4575; baseline 0.015 -13"><span class='ocrx_word' id='word_1_703' title='bbox 688 4500 781 4575; x_wconf 78' lang='lat' dir='ltr'><strong>otim</strong></span> <span class='ocrx_word' id='word_1_704' title='bbox 806 4498 845 4559; x_wconf 90' lang='lat' dir='ltr'><strong>tn</strong></span> <span class='ocrx_word' id='word_1_705' title='bbox 869 4498 949 4561; x_wconf 88' lang='lat' dir='ltr'><strong>nec</strong></span> <span class='ocrx_word' id='word_1_706' title='bbox 971 4480 1086 4560; x_wconf 82' lang='lat' dir='ltr'><strong>rouo</strong></span> <span class='ocrx_word' id='word_1_707' title='bbox 1108 4498 1394 4567; x_wconf 82' lang='lat' dir='ltr'><strong>conrinsnrnn</strong></span> <span class='ocrx_word' id='word_1_708' title='bbox 1427 4489 1483 4573; x_wconf 77' lang='grc' dir='ltr'><strong>ιι</strong></span> 
     </span>
    </p>
   </div>
   <div class='ocr_carea' id='block_1_8' title="bbox 928 4624 1172 4641">
    <p class='ocr_par' dir='ltr' id='par_1_11' title="bbox 928 4624 1172 4641">
     <span class='ocr_line' id='line_1_57' title="bbox 928 4624 1172 4641; baseline 0.008 -3"><span class='ocrx_word' id='word_1_709' title='bbox 928 4624 1172 4641; x_wconf 53' lang='grc' dir='ltr'><strong>ψ</strong></span> 
     </span>
    </p>
   </div>
   <div class='ocr_carea' id='block_1_9' title="bbox 222 4690 1873 5804">
    <p class='ocr_par' dir='ltr' id='par_1_12' title="bbox 222 4690 1873 5804">
     <span class='ocr_line' id='line_1_58' title="bbox 608 4690 1873 4757; baseline 0.006 -19"><span class='ocrx_word' id='word_1_710' title='bbox 608 4690 629 4738; x_wconf 77' lang='grc' dir='ltr'><strong>Α</strong></span> <span class='ocrx_word' id='word_1_711' title='bbox 1090 4690 1205 4742; x_wconf 68' lang='lat' dir='ltr'><strong>,hericius</strong></span> <span class='ocrx_word' id='word_1_712' title='bbox 1217 4691 1309 4743; x_wconf 80' lang='lat' dir='ltr'><strong>llmldoe</strong></span> <span class='ocrx_word' id='word_1_713' title='bbox 1319 4694 1448 4757; x_wconf 84' lang='lat' dir='ltr'><strong>eplsropus</strong></span> <span class='ocrx_word' id='word_1_714' title='bbox 1459 4691 1548 4744; x_wconf 81' lang='lat' dir='ltr'><strong>Persas</strong></span> <span class='ocrx_word' id='word_1_715' title='bbox 1558 4692 1687 4755; x_wconf 76' lang='lat' dir='ltr'><strong>espinosa</strong></span> <span class='ocrx_word' id='word_1_716' title='bbox 1697 4691 1811 4743; x_wconf 70' lang='lat' dir='ltr'><strong>amanis</strong></span> <span class='ocrx_word' id='word_1_717' title='bbox 1824 4696 1873 4745; x_wconf 84' lang='lat' dir='ltr'><strong>uii-</strong></span> 
     </span>
     <span class='ocr_line' id='line_1_59' title="bbox 1071 4752 1668 4819; baseline -0.002 -16"><span class='ocrx_word' id='word_1_718' title='bbox 1071 4752 1156 4803; x_wconf 88' lang='lat' dir='ltr'><strong>iitihus</strong></span> <span class='ocrx_word' id='word_1_719' title='bbox 1167 4755 1278 4819; x_wconf 86' lang='lat' dir='ltr'><strong>redimit,</strong></span> <span class='ocrx_word' id='word_1_720' title='bbox 1291 4757 1398 4806; x_wconf 83' lang='lat' dir='ltr'><strong>tenditis</strong></span> <span class='ocrx_word' id='word_1_721' title='bbox 1409 4758 1472 4807; x_wconf 75' lang='lat' dir='ltr'><strong>rasit</strong></span> <span class='ocrx_word' id='word_1_722' title='bbox 1482 4753 1604 4815; x_wconf 66' lang='lat' dir='ltr'><strong>ecclesie,</strong></span> <span class='ocrx_word' id='word_1_723' title='bbox 1613 4755 1668 4805; x_wconf 81' lang='lat' dir='ltr'><strong>all.</strong></span> 
     </span>
     <span class='ocr_line' id='line_1_60' title="bbox 253 4810 1873 4881; baseline 0.002 -17"><span class='ocrx_word' id='word_1_724' title='bbox 253 4813 329 4864; x_wconf 67' lang='lat' dir='ltr'><strong>Abdae</strong></span> <span class='ocrx_word' id='word_1_725' title='bbox 340 4810 402 4874; x_wconf 86' lang='lat' dir='ltr'><strong>apud</strong></span> <span class='ocrx_word' id='word_1_726' title='bbox 415 4811 504 4862; x_wconf 83' lang='lat' dir='ltr'><strong>Persas</strong></span> <span class='ocrx_word' id='word_1_727' title='bbox 516 4813 623 4875; x_wconf 83' lang='lat' dir='ltr'><strong>episcopi</strong></span> <span class='ocrx_word' id='word_1_728' title='bbox 634 4813 746 4872; x_wconf 82' lang='lat' dir='ltr'><strong>uirtutes,</strong></span> <span class='ocrx_word' id='word_1_729' title='bbox 759 4811 814 4864; x_wconf 73' lang='lat'><strong>565.</strong></span> <span class='ocrx_word' id='word_1_730' title='bbox 1103 4817 1355 4881; x_wconf 79' lang='lat' dir='ltr'><strong>hcaclnsmariprlum</strong></span> <span class='ocrx_word' id='word_1_731' title='bbox 1364 4818 1405 4866; x_wconf 90' lang='lat' dir='ltr'><strong>ulii</strong></span> <span class='ocrx_word' id='word_1_732' title='bbox 1417 4829 1509 4878; x_wconf 68' lang='lat' dir='ltr'><strong>passus,</strong></span> <span class='ocrx_word' id='word_1_733' title='bbox 1518 4819 1653 4866; x_wconf 86' lang='lat' dir='ltr'><strong>oratorium</strong></span> <span class='ocrx_word' id='word_1_734' title='bbox 1664 4814 1713 4868; x_wconf 89' lang='lat' dir='ltr'><strong>illie</strong></span> <span class='ocrx_word' id='word_1_735' title='bbox 1721 4814 1873 4868; x_wconf 72' lang='lat' dir='ltr'><strong>semnion</strong></span> 
     </span>
     <span class='ocr_line' id='line_1_61' title="bbox 253 4872 1873 4941; baseline 0.004 -18"><span class='ocrx_word' id='word_1_736' title='bbox 253 4872 393 4924; x_wconf 67' lang='lat' dir='ltr'><strong>abscedite</strong></span> <span class='ocrx_word' id='word_1_737' title='bbox 404 4884 503 4937; x_wconf 67' lang='lat' dir='ltr'><strong>martyr,</strong></span> <span class='ocrx_word' id='word_1_738' title='bbox 512 4873 564 4922; x_wconf 70' lang='lat'><strong>257.</strong></span> <span class='ocrx_word' id='word_1_739' title='bbox 1072 4884 1120 4941; x_wconf 82' lang='lat' dir='ltr'><strong>est,</strong></span> <span class='ocrx_word' id='word_1_740' title='bbox 1132 4876 1187 4930; x_wconf 69' lang='lat' dir='ltr'><strong>aba.</strong></span> <span class='ocrx_word' id='word_1_741' title='bbox 1201 4879 1282 4928; x_wconf 79' lang='lat' dir='ltr'><strong>tescit</strong></span> <span class='ocrx_word' id='word_1_742' title='bbox 1295 4879 1453 4929; x_wconf 54' lang='lat' dir='ltr'><strong>&amp;sartensis</strong></span> <span class='ocrx_word' id='word_1_743' title='bbox 1471 4877 1541 4941; x_wconf 85' lang='lat' dir='ltr'><strong>lides,</strong></span> <span class='ocrx_word' id='word_1_744' title='bbox 1560 4885 1587 4929; x_wconf 88' lang='lat' dir='ltr'><strong>et</strong></span> <span class='ocrx_word' id='word_1_745' title='bbox 1608 4877 1664 4938; x_wconf 84' lang='lat' dir='ltr'><strong>cius</strong></span> <span class='ocrx_word' id='word_1_746' title='bbox 1682 4880 1834 4940; x_wconf 74' lang='lat' dir='ltr'><strong>sequacium</strong></span> <span class='ocrx_word' id='word_1_747' title='bbox 1847 4886 1873 4931; x_wconf 91' lang='lat' dir='ltr'><strong>iu</strong></span> 
     </span>
     <span class='ocr_line' id='line_1_62' title="bbox 254 4935 1873 5003; baseline 0.004 -18"><span class='ocrx_word' id='word_1_748' title='bbox 254 4935 329 4985; x_wconf 75' lang='lat' dir='ltr'><strong>toln</strong></span> <span class='ocrx_word' id='word_1_749' title='bbox 338 4939 474 4986; x_wconf 71' lang='lat' dir='ltr'><strong>demonem</strong></span> <span class='ocrx_word' id='word_1_750' title='bbox 483 4948 498 4984; x_wconf 83' lang='lat' dir='ltr'><strong>a</strong></span> <span class='ocrx_word' id='word_1_751' title='bbox 508 4935 556 4986; x_wconf 89' lang='lat' dir='ltr'><strong>ulie</strong></span> <span class='ocrx_word' id='word_1_752' title='bbox 564 4937 634 4998; x_wconf 81' lang='lat' dir='ltr'><strong>regis</strong></span> <span class='ocrx_word' id='word_1_753' title='bbox 646 4935 770 4998; x_wconf 88' lang='lat' dir='ltr'><strong>propellit,</strong></span> <span class='ocrx_word' id='word_1_754' title='bbox 783 4937 837 4986; x_wconf 77' lang='lat'><strong>368.</strong></span> <span class='ocrx_word' id='word_1_755' title='bbox 1072 4942 1164 5001; x_wconf 68' lang='lat' dir='ltr'><strong>synodo</strong></span> <span class='ocrx_word' id='word_1_756' title='bbox 1176 4939 1287 5003; x_wconf 82' lang='lat' dir='ltr'><strong>Selene,</strong></span> <span class='ocrx_word' id='word_1_757' title='bbox 1300 4943 1356 4992; x_wconf 76' lang='lat' dir='ltr'><strong>ele.</strong></span> <span class='ocrx_word' id='word_1_758' title='bbox 1377 4939 1442 4989; x_wconf 85' lang='lat' dir='ltr'><strong>Dicit</strong></span> <span class='ocrx_word' id='word_1_759' title='bbox 1464 4939 1554 4990; x_wconf 82' lang='lat' dir='ltr'><strong>Filium</strong></span> <span class='ocrx_word' id='word_1_760' title='bbox 1569 4941 1614 4990; x_wconf 84' lang='lat' dir='ltr'><strong>Dei</strong></span> <span class='ocrx_word' id='word_1_761' title='bbox 1627 4938 1733 4989; x_wconf 87' lang='lat' dir='ltr'><strong>similem</strong></span> <span class='ocrx_word' id='word_1_762' title='bbox 1745 4938 1819 4991; x_wconf 77' lang='lat' dir='ltr'><strong>Patri</strong></span> <span class='ocrx_word' id='word_1_763' title='bbox 1831 4955 1873 4991; x_wconf 85' lang='lat' dir='ltr'><strong>se·</strong></span> 
     </span>
     <span class='ocr_line' id='line_1_63' title="bbox 254 4996 1873 5059; baseline 0.004 -14"><span class='ocrx_word' id='word_1_764' title='bbox 254 4999 359 5047; x_wconf 75' lang='lat' dir='ltr'><strong>Absens.</strong></span> <span class='ocrx_word' id='word_1_765' title='bbox 373 4997 471 5048; x_wconf 73' lang='lat' dir='ltr'><strong>terrie</strong></span> <span class='ocrx_word' id='word_1_766' title='bbox 480 5005 538 5050; x_wconf 83' lang='lat' dir='ltr'><strong>suut</strong></span> <span class='ocrx_word' id='word_1_767' title='bbox 557 5010 656 5059; x_wconf 90' lang='lat' dir='ltr'><strong>semper</strong></span> <span class='ocrx_word' id='word_1_768' title='bbox 673 4997 770 5058; x_wconf 82' lang='lat' dir='ltr'><strong>injuriis</strong></span> <span class='ocrx_word' id='word_1_769' title='bbox 788 4996 917 5047; x_wconf 77' lang='lat' dir='ltr'><strong>facultates</strong></span> <span class='ocrx_word' id='word_1_770' title='bbox 927 4999 1017 5048; x_wconf 82' lang='lat' dir='ltr'><strong>abacti·</strong></span> <span class='ocrx_word' id='word_1_771' title='bbox 1071 5002 1177 5051; x_wconf 78' lang='lat' dir='ltr'><strong>eliadam</strong></span> <span class='ocrx_word' id='word_1_772' title='bbox 1189 5002 1339 5052; x_wconf 85' lang='lat' dir='ltr'><strong>solnirtaicm</strong></span> <span class='ocrx_word' id='word_1_773' title='bbox 1351 5008 1454 5057; x_wconf 75' lang='lat' dir='ltr'><strong>teritum,</strong></span> <span class='ocrx_word' id='word_1_774' title='bbox 1471 5002 1525 5051; x_wconf 76' lang='lat' dir='ltr'><strong>als.</strong></span> <span class='ocrx_word' id='word_1_775' title='bbox 1545 5003 1650 5053; x_wconf 75' lang='lat' dir='ltr'><strong>Aeacius</strong></span> <span class='ocrx_word' id='word_1_776' title='bbox 1667 5009 1693 5052; x_wconf 89' lang='lat' dir='ltr'><strong>et</strong></span> <span class='ocrx_word' id='word_1_777' title='bbox 1714 5000 1757 5052; x_wconf 80' lang='lat' dir='ltr'><strong>alli</strong></span> <span class='ocrx_word' id='word_1_778' title='bbox 1782 5005 1873 5052; x_wconf 75' lang='lat' dir='ltr'><strong>counr-</strong></span> 
     </span>
     <span class='ocr_line' id='line_1_64' title="bbox 222 5058 1569 5127; baseline -0.001 -18"><span class='ocrx_word' id='word_1_779' title='bbox 222 5061 297 5122; x_wconf 88' lang='lat' dir='ltr'><strong>linm;</strong></span> <span class='ocrx_word' id='word_1_780' title='bbox 312 5069 337 5108; x_wconf 90' lang='lat' dir='ltr'><strong>et</strong></span> <span class='ocrx_word' id='word_1_781' title='bbox 345 5059 521 5121; x_wconf 81' lang='lat' dir='ltr'><strong>quodammodo</strong></span> <span class='ocrx_word' id='word_1_782' title='bbox 530 5058 626 5109; x_wconf 81' lang='lat' dir='ltr'><strong>ridetur</strong></span> <span class='ocrx_word' id='word_1_783' title='bbox 637 5061 732 5109; x_wconf 74' lang='lat' dir='ltr'><strong>eccesie</strong></span> <span class='ocrx_word' id='word_1_784' title='bbox 742 5061 854 5111; x_wconf 83' lang='lat' dir='ltr'><strong>homines</strong></span> <span class='ocrx_word' id='word_1_785' title='bbox 866 5073 890 5108; x_wconf 93' lang='lat' dir='ltr'><strong>iti</strong></span> <span class='ocrx_word' id='word_1_786' title='bbox 900 5059 1017 5110; x_wconf 84' lang='lat' dir='ltr'><strong>dehetnni</strong></span> <span class='ocrx_word' id='word_1_787' title='bbox 1073 5078 1088 5112; x_wconf 91' lang='lat' dir='ltr'><strong>n</strong></span> <span class='ocrx_word' id='word_1_788' title='bbox 1096 5073 1138 5112; x_wconf 80' lang='lat' dir='ltr'><strong>init</strong></span> <span class='ocrx_word' id='word_1_789' title='bbox 1146 5064 1218 5111; x_wconf 77' lang='lat' dir='ltr'><strong>tidem</strong></span> <span class='ocrx_word' id='word_1_790' title='bbox 1228 5063 1388 5113; x_wconf 76' lang='lat' dir='ltr'><strong>Ariminensls</strong></span> <span class='ocrx_word' id='word_1_791' title='bbox 1396 5063 1501 5127; x_wconf 72' lang='lat' dir='ltr'><strong>concili,</strong></span> <span class='ocrx_word' id='word_1_792' title='bbox 1514 5063 1569 5114; x_wconf 73' lang='lat'><strong>2¹15.</strong></span> 
     </span>
     <span class='ocr_line' id='line_1_65' title="bbox 223 5121 1416 5188; baseline 0.006 -20"><span class='ocrx_word' id='word_1_793' title='bbox 223 5121 334 5181; x_wconf 85' lang='lat' dir='ltr'><strong>trahere,</strong></span> <span class='ocrx_word' id='word_1_794' title='bbox 344 5134 400 5188; x_wconf 76' lang='lat' dir='ltr'><strong>que</strong></span> <span class='ocrx_word' id='word_1_795' title='bbox 408 5134 456 5172; x_wconf 90' lang='lat' dir='ltr'><strong>noo</strong></span> <span class='ocrx_word' id='word_1_796' title='bbox 476 5128 557 5180; x_wconf 70' lang='lat' dir='ltr'><strong>potest</strong></span> <span class='ocrx_word' id='word_1_797' title='bbox 567 5122 674 5182; x_wconf 78' lang='lat' dir='ltr'><strong>animum</strong></span> <span class='ocrx_word' id='word_1_798' title='bbox 695 5121 851 5181; x_wconf 77' lang='lat' dir='ltr'><strong>pervadentis</strong></span> <span class='ocrx_word' id='word_1_799' title='bbox 860 5126 968 5184; x_wconf 82' lang='lat' dir='ltr'><strong>terrere,</strong></span> <span class='ocrx_word' id='word_1_800' title='bbox 981 5124 1017 5173; x_wconf 90' lang='lat' dir='ltr'><strong>lu.</strong></span> <span class='ocrx_word' id='word_1_801' title='bbox 1104 5126 1256 5186; x_wconf 75' lang='lat' dir='ltr'><strong>accipitrum</strong></span> <span class='ocrx_word' id='word_1_802' title='bbox 1267 5135 1363 5187; x_wconf 85' lang='lat' dir='ltr'><strong>tratura,</strong></span> <span class='ocrx_word' id='word_1_803' title='bbox 1376 5126 1416 5178; x_wconf 77' lang='lat' dir='ltr'><strong>ib.</strong></span> 
     </span>
     <span class='ocr_line' id='line_1_66' title="bbox 222 5181 1746 5250; baseline 0.005 -21"><span class='ocrx_word' id='word_1_804' title='bbox 222 5181 313 5232; x_wconf 80' lang='lat' dir='ltr'><strong>simiis</strong></span> <span class='ocrx_word' id='word_1_805' title='bbox 323 5185 421 5233; x_wconf 82' lang='lat' dir='ltr'><strong>ridetur</strong></span> <span class='ocrx_word' id='word_1_806' title='bbox 444 5184 563 5247; x_wconf 84' lang='lat' dir='ltr'><strong>absentis,</strong></span> <span class='ocrx_word' id='word_1_807' title='bbox 586 5186 628 5246; x_wconf 89' lang='lat' dir='ltr'><strong>qui</strong></span> <span class='ocrx_word' id='word_1_808' title='bbox 648 5185 824 5234; x_wconf 84' lang='lat' dir='ltr'><strong>conscientiam</strong></span> <span class='ocrx_word' id='word_1_809' title='bbox 833 5184 960 5235; x_wconf 86' lang='lat' dir='ltr'><strong>criminosi</strong></span> <span class='ocrx_word' id='word_1_810' title='bbox 970 5197 1019 5234; x_wconf 86' lang='lat' dir='ltr'><strong>nun</strong></span> <span class='ocrx_word' id='word_1_811' title='bbox 1104 5186 1254 5248; x_wconf 78' lang='lat' dir='ltr'><strong>hcepsomis</strong></span> <span class='ocrx_word' id='word_1_812' title='bbox 1264 5185 1438 5237; x_wconf 80' lang='lat' dir='ltr'><strong>tamosissiinus</strong></span> <span class='ocrx_word' id='word_1_813' title='bbox 1449 5186 1473 5237; x_wconf 89' lang='lat' dir='ltr'><strong>iii</strong></span> <span class='ocrx_word' id='word_1_814' title='bbox 1483 5186 1545 5236; x_wconf 81' lang='lat' dir='ltr'><strong>celii</strong></span> <span class='ocrx_word' id='word_1_815' title='bbox 1557 5186 1678 5250; x_wconf 85' lang='lat' dir='ltr'><strong>reclusus,</strong></span> <span class='ocrx_word' id='word_1_816' title='bbox 1691 5185 1746 5238; x_wconf 72' lang='lat'><strong>526.</strong></span> 
     </span>
     <span class='ocr_line' id='line_1_67' title="bbox 223 5245 1873 5312; baseline 0.001 -19"><span class='ocrx_word' id='word_1_817' title='bbox 223 5246 307 5308; x_wconf 85' lang='lat' dir='ltr'><strong>hahet,</strong></span> <span class='ocrx_word' id='word_1_818' title='bbox 321 5246 361 5297; x_wconf 79' lang='lat' dir='ltr'><strong>at.</strong></span> <span class='ocrx_word' id='word_1_819' title='bbox 419 5253 424 5265; x_wconf 91' lang='lat'><strong>·</strong></span> <span class='ocrx_word' id='word_1_820' title='bbox 687 5303 689 5307; x_wconf 22' lang='lat'><strong><em>¹</em></strong></span> <span class='ocrx_word' id='word_1_821' title='bbox 1102 5245 1873 5312; x_wconf 67' lang='lat' dir='ltr'><strong>Acestinovatianorumepiscoptadtnusianitnumrerha,2ti&#39;.</strong></span> 
     </span>
     <span class='ocr_line' id='line_1_68' title="bbox 254 5304 1688 5372; baseline 0.003 -16"><span class='ocrx_word' id='word_1_822' title='bbox 254 5307 394 5370; x_wconf 76' lang='lat' dir='ltr'><strong>Alisolnior,</strong></span> <span class='ocrx_word' id='word_1_823' title='bbox 406 5304 526 5358; x_wconf 82' lang='lat' dir='ltr'><strong>laelleest</strong></span> <span class='ocrx_word' id='word_1_824' title='bbox 537 5306 611 5356; x_wconf 81' lang='lat' dir='ltr'><strong>allent</strong></span> <span class='ocrx_word' id='word_1_825' title='bbox 621 5307 733 5356; x_wconf 88' lang='lat' dir='ltr'><strong>conscius</strong></span> <span class='ocrx_word' id='word_1_826' title='bbox 741 5307 788 5368; x_wconf 85' lang='lat' dir='ltr'><strong>sui,</strong></span> <span class='ocrx_word' id='word_1_827' title='bbox 802 5307 855 5360; x_wconf 75' lang='lat' dir='ltr'><strong>iii.</strong></span> <span class='ocrx_word' id='word_1_828' title='bbox 1103 5307 1400 5362; x_wconf 78' lang='lat' dir='ltr'><strong>Achillasdlexandrmus</strong></span> <span class='ocrx_word' id='word_1_829' title='bbox 1411 5309 1688 5372; x_wconf 59' lang='lat' dir='ltr'><strong>retinuissetque.</strong></span> 
     </span>
     <span class='ocr_line' id='line_1_69' title="bbox 254 5369 1606 5436; baseline 0.004 -17"><span class='ocrx_word' id='word_1_830' title='bbox 254 5370 394 5420; x_wconf 72' lang='lat' dir='ltr'><strong>Abstineas.</strong></span> <span class='ocrx_word' id='word_1_831' title='bbox 417 5369 548 5421; x_wconf 73' lang='lat' dir='ltr'><strong>Proximus</strong></span> <span class='ocrx_word' id='word_1_832' title='bbox 569 5369 675 5419; x_wconf 85' lang='lat' dir='ltr'><strong>hahetur</strong></span> <span class='ocrx_word' id='word_1_833' title='bbox 692 5369 800 5432; x_wconf 85' lang='lat' dir='ltr'><strong>donanti,</strong></span> <span class='ocrx_word' id='word_1_834' title='bbox 821 5369 853 5420; x_wconf 89' lang='lat' dir='ltr'><strong>de</strong></span> <span class='ocrx_word' id='word_1_835' title='bbox 872 5383 922 5434; x_wconf 87' lang='lat' dir='ltr'><strong>quo</strong></span> <span class='ocrx_word' id='word_1_836' title='bbox 933 5375 1016 5433; x_wconf 88' lang='lat' dir='ltr'><strong>potest</strong></span> <span class='ocrx_word' id='word_1_837' title='bbox 1101 5372 1285 5423; x_wconf 78' lang='lat' dir='ltr'><strong>heitahuiurum</strong></span> <span class='ocrx_word' id='word_1_838' title='bbox 1297 5374 1401 5423; x_wconf 85' lang='lat' dir='ltr'><strong>tinnitus</strong></span> <span class='ocrx_word' id='word_1_839' title='bbox 1410 5374 1434 5421; x_wconf 94' lang='lat' dir='ltr'><strong>in</strong></span> <span class='ocrx_word' id='word_1_840' title='bbox 1448 5373 1554 5436; x_wconf 85' lang='lat' dir='ltr'><strong>theatro,</strong></span> <span class='ocrx_word' id='word_1_841' title='bbox 1566 5371 1606 5424; x_wconf 87' lang='lat' dir='ltr'><strong>tt.</strong></span> 
     </span>
     <span class='ocr_line' id='line_1_70' title="bbox 222 5431 1528 5498; baseline 0.002 -18"><span class='ocrx_word' id='word_1_842' title='bbox 222 5433 269 5481; x_wconf 75' lang='lat' dir='ltr'><strong>diei</strong></span> <span class='ocrx_word' id='word_1_843' title='bbox 283 5444 291 5480; x_wconf 79' lang='grc' dir='ltr'>ι</span> <span class='ocrx_word' id='word_1_844' title='bbox 304 5433 483 5483; x_wconf 79' lang='lat' dir='ltr'><strong>hlistineusest</strong></span> <span class='ocrx_word' id='word_1_845' title='bbox 494 5434 585 5495; x_wconf 82' lang='lat' dir='ltr'><strong>‘oglter</strong></span> <span class='ocrx_word' id='word_1_846' title='bbox 594 5432 644 5494; x_wconf 85' lang='lat' dir='ltr'><strong>sul,</strong></span> <span class='ocrx_word' id='word_1_847' title='bbox 658 5431 711 5480; x_wconf 81' lang='lat' dir='ltr'><strong>lut.</strong></span> <span class='ocrx_word' id='word_1_848' title='bbox 730 5449 734 5457; x_wconf 93' lang='lat'><em>·</em></span> <span class='ocrx_word' id='word_1_849' title='bbox 1101 5432 1217 5495; x_wconf 79' lang='lat' dir='ltr'><strong>trolyins</strong></span> <span class='ocrx_word' id='word_1_850' title='bbox 1229 5434 1256 5484; x_wconf 90' lang='lat' dir='ltr'><strong>S.</strong></span> <span class='ocrx_word' id='word_1_851' title='bbox 1268 5433 1336 5484; x_wconf 81' lang='lat' dir='ltr'><strong>hom.</strong></span> <span class='ocrx_word' id='word_1_852' title='bbox 1346 5433 1477 5498; x_wconf 75' lang='lat' dir='ltr'><strong>Ecclesia,</strong></span> <span class='ocrx_word' id='word_1_853' title='bbox 1488 5434 1528 5484; x_wconf 73' lang='lat' dir='ltr'><strong>ba.</strong></span> 
     </span>
     <span class='ocr_line' id='line_1_71' title="bbox 254 5493 1873 5607; baseline 0 -63"><span class='ocrx_word' id='word_1_854' title='bbox 254 5493 416 5606; x_wconf 45' lang='lat' dir='ltr'><strong>dhondaiigga„</strong></span> <span class='ocrx_word' id='word_1_855' title='bbox 430 5494 458 5544; x_wconf 83' lang='lat' dir='ltr'><strong>la</strong></span> <span class='ocrx_word' id='word_1_856' title='bbox 524 5494 751 5557; x_wconf 76' lang='lat' dir='ltr'><strong>machamatibet</strong></span> <span class='ocrx_word' id='word_1_857' title='bbox 768 5493 1017 5556; x_wconf 82' lang='lat' dir='ltr'><strong>potestseexpedirc</strong></span> <span class='ocrx_word' id='word_1_858' title='bbox 1084 5496 1216 5606; x_wconf 70' lang='lat' dir='ltr'><strong>bdequlri:</strong></span> <span class='ocrx_word' id='word_1_859' title='bbox 1225 5496 1298 5607; x_wconf 49' lang='grc' dir='ltr'><strong>1ιιᾶιιι</strong></span> <span class='ocrx_word' id='word_1_860' title='bbox 1318 5497 1454 5560; x_wconf 86' lang='lat' dir='ltr'><strong>acquiritur</strong></span> <span class='ocrx_word' id='word_1_861' title='bbox 1473 5495 1650 5560; x_wconf 86' lang='lat' dir='ltr'><strong>quodanullis</strong></span> <span class='ocrx_word' id='word_1_862' title='bbox 1671 5495 1751 5547; x_wconf 82' lang='lat' dir='ltr'><strong>adhue</strong></span> <span class='ocrx_word' id='word_1_863' title='bbox 1761 5494 1873 5546; x_wconf 84' lang='lat' dir='ltr'><strong>dominis</strong></span> 
     </span>
     <span class='ocr_line' id='line_1_72' title="bbox 224 5565 1278 5618; baseline 0.006 -17"><span class='ocrx_word' id='word_1_864' title='bbox 224 5567 336 5617; x_wconf 81' lang='lat' dir='ltr'><strong>persona,</strong></span> <span class='ocrx_word' id='word_1_865' title='bbox 398 5592 404 5603; x_wconf 87' lang='lat'><strong>.</strong></span> <span class='ocrx_word' id='word_1_866' title='bbox 1069 5565 1212 5618; x_wconf 83' lang='lat' dir='ltr'><strong>arogatnr,</strong></span> <span class='ocrx_word' id='word_1_867' title='bbox 1254 5588 1278 5607; x_wconf 79' lang='lat'><strong>-.</strong></span> 
     </span>
     <span class='ocr_line' id='line_1_73' title="bbox 257 5616 1608 5680; baseline 0.003 -15"><span class='ocrx_word' id='word_1_868' title='bbox 257 5619 367 5668; x_wconf 72' lang='lat' dir='ltr'><strong>tractant</strong></span> <span class='ocrx_word' id='word_1_869' title='bbox 378 5617 512 5668; x_wconf 76' lang='lat' dir='ltr'><strong>hirtioehiae</strong></span> <span class='ocrx_word' id='word_1_870' title='bbox 521 5618 678 5674; x_wconf 84' lang='lat' dir='ltr'><strong>conveniunt,</strong></span> <span class='ocrx_word' id='word_1_871' title='bbox 690 5618 747 5680; x_wconf 67' lang='lat' dir='ltr'><strong>aii,</strong></span> <span class='ocrx_word' id='word_1_872' title='bbox 763 5616 819 5669; x_wconf 71' lang='lat'>50³.</span> <span class='ocrx_word' id='word_1_873' title='bbox 836 5616 962 5675; x_wconf 78' lang='lat' dir='ltr'><strong>annnlo</strong></span> <span class='ocrx_word' id='word_1_874' title='bbox 971 5628 1014 5666; x_wconf 89' lang='lat' dir='ltr'><strong>no·</strong></span> <span class='ocrx_word' id='word_1_875' title='bbox 1101 5619 1195 5668; x_wconf 77' lang='lat' dir='ltr'><strong>Actiaci</strong></span> <span class='ocrx_word' id='word_1_876' title='bbox 1209 5618 1256 5668; x_wconf 91' lang='lat' dir='ltr'><strong>lndl</strong></span> <span class='ocrx_word' id='word_1_877' title='bbox 1267 5620 1369 5669; x_wconf 85' lang='lat' dir='ltr'><strong>instituti</strong></span> <span class='ocrx_word' id='word_1_878' title='bbox 1380 5619 1412 5670; x_wconf 92' lang='lat' dir='ltr'><strong>ab</strong></span> <span class='ocrx_word' id='word_1_879' title='bbox 1423 5619 1459 5669; x_wconf 81' lang='lat' dir='ltr'><strong>hu</strong></span> <span class='ocrx_word' id='word_1_880' title='bbox 1495 5625 1543 5679; x_wconf 85' lang='lat' dir='ltr'><strong>sto,</strong></span> <span class='ocrx_word' id='word_1_881' title='bbox 1553 5619 1608 5672; x_wconf 69' lang='lat'><strong>³88.</strong></span> 
     </span>
     <span class='ocr_line' id='line_1_74' title="bbox 223 5677 1869 5743; baseline 0 -13"><span class='ocrx_word' id='word_1_882' title='bbox 223 5691 282 5730; x_wconf 83' lang='lat' dir='ltr'><strong>uren</strong></span> <span class='ocrx_word' id='word_1_883' title='bbox 292 5680 470 5729; x_wconf 71' lang='lat' dir='ltr'><strong>substantiane</strong></span> <span class='ocrx_word' id='word_1_884' title='bbox 482 5683 506 5728; x_wconf 78' lang='lat' dir='ltr'><strong>ti.</strong></span> <span class='ocrx_word' id='word_1_885' title='bbox 520 5680 640 5730; x_wconf 78' lang='lat' dir='ltr'><strong>‘trinitate</strong></span> <span class='ocrx_word' id='word_1_886' title='bbox 651 5677 805 5743; x_wconf 87' lang='lat' dir='ltr'><strong>admiserint,</strong></span> <span class='ocrx_word' id='word_1_887' title='bbox 817 5681 873 5731; x_wconf 72' lang='lat'><strong>505.</strong></span> <span class='ocrx_word' id='word_1_888' title='bbox 1101 5681 1179 5729; x_wconf 78' lang='lat' dir='ltr'><strong>helio.</strong></span> <span class='ocrx_word' id='word_1_889' title='bbox 1191 5680 1329 5730; x_wconf 68' lang='lat' dir='ltr'><strong>absurdum</strong></span> <span class='ocrx_word' id='word_1_890' title='bbox 1347 5689 1387 5731; x_wconf 87' lang='lat' dir='ltr'><strong>est</strong></span> <span class='ocrx_word' id='word_1_891' title='bbox 1399 5687 1426 5732; x_wconf 92' lang='lat' dir='ltr'><strong>iil</strong></span> <span class='ocrx_word' id='word_1_892' title='bbox 1485 5684 1562 5743; x_wconf 83' lang='lat' dir='ltr'><strong>lgatur</strong></span> <span class='ocrx_word' id='word_1_893' title='bbox 1573 5682 1676 5742; x_wconf 78' lang='lat' dir='ltr'><strong>damnis,</strong></span> <span class='ocrx_word' id='word_1_894' title='bbox 1684 5682 1729 5743; x_wconf 84' lang='lat' dir='ltr'><strong>qui</strong></span> <span class='ocrx_word' id='word_1_895' title='bbox 1739 5681 1869 5731; x_wconf 86' lang='lat' dir='ltr'><strong>commoda</strong></span> 
     </span>
     <span class='ocr_line' id='line_1_75' title="bbox 254 5740 1744 5804; baseline 0.003 -17"><span class='ocrx_word' id='word_1_896' title='bbox 254 5741 429 5792; x_wconf 77' lang='lat' dir='ltr'><strong>Amcianornm</strong></span> <span class='ocrx_word' id='word_1_897' title='bbox 450 5742 552 5804; x_wconf 82' lang='lat' dir='ltr'><strong>epistula</strong></span> <span class='ocrx_word' id='word_1_898' title='bbox 573 5755 607 5793; x_wconf 84' lang='lat' dir='ltr'><strong>ex</strong></span> <span class='ocrx_word' id='word_1_899' title='bbox 627 5740 720 5802; x_wconf 75' lang='lat' dir='ltr'><strong>sinodo</strong></span> <span class='ocrx_word' id='word_1_900' title='bbox 729 5743 883 5794; x_wconf 68' lang='lat' dir='ltr'><strong>nuncetiam</strong></span> <span class='ocrx_word' id='word_1_901' title='bbox 894 5741 924 5792; x_wconf 84' lang='lat' dir='ltr'><strong>ad</strong></span> <span class='ocrx_word' id='word_1_902' title='bbox 932 5740 1015 5793; x_wconf 79' lang='lat' dir='ltr'><strong>loria-</strong></span> <span class='ocrx_word' id='word_1_903' title='bbox 1070 5754 1118 5790; x_wconf 88' lang='lat' dir='ltr'><strong>uuo</strong></span> <span class='ocrx_word' id='word_1_904' title='bbox 1129 5742 1204 5792; x_wconf 85' lang='lat' dir='ltr'><strong>hibet</strong></span> <span class='ocrx_word' id='word_1_905' title='bbox 1215 5745 1327 5804; x_wconf 76' lang='lat' dir='ltr'><strong>actionis,</strong></span> <span class='ocrx_word' id='word_1_906' title='bbox 1339 5744 1377 5792; x_wconf 74' lang='grc'><strong>55.</strong></span> <span class='ocrx_word' id='word_1_907' title='bbox 1391 5743 1448 5794; x_wconf 84' lang='lat' dir='ltr'><strong>Otto</strong></span> <span class='ocrx_word' id='word_1_908' title='bbox 1459 5751 1496 5795; x_wconf 91' lang='lat' dir='ltr'><strong>tor</strong></span> <span class='ocrx_word' id='word_1_909' title='bbox 1515 5756 1559 5794; x_wconf 87' lang='lat' dir='ltr'><strong>ere</strong></span> <span class='ocrx_word' id='word_1_910' title='bbox 1575 5756 1623 5793; x_wconf 91' lang='lat' dir='ltr'><strong>uun</strong></span> <span class='ocrx_word' id='word_1_911' title='bbox 1633 5744 1744 5793; x_wconf 83' lang='lat' dir='ltr'><strong>sinamur</strong></span> 
     </span>
    </p>
   </div>
   <div class='ocr_carea' id='block_1_10' title="bbox 224 5756 1870 5961">
    <p class='ocr_par' dir='ltr' id='par_1_13' title="bbox 224 5756 1870 5961">
     <span class='ocr_line' id='line_1_76' title="bbox 224 5756 1870 5874; baseline 0.012 -34"><span class='ocrx_word' id='word_1_912' title='bbox 224 5813 282 5853; x_wconf 71' lang='lat' dir='ltr'><strong>qum</strong></span> <span class='ocrx_word' id='word_1_913' title='bbox 294 5803 428 5865; x_wconf 55' lang='lat' dir='ltr'><strong>sufflas,</strong></span> <span class='ocrx_word' id='word_1_914' title='bbox 1067 5804 1110 5855; x_wconf 86' lang='lat' dir='ltr'><strong>his</strong></span> <span class='ocrx_word' id='word_1_915' title='bbox 1122 5806 1260 5856; x_wconf 84' lang='lat' dir='ltr'><strong>rationibus</strong></span> <span class='ocrx_word' id='word_1_916' title='bbox 1270 5809 1436 5874; x_wconf 83' lang='lat' dir='ltr'><strong>innotescunt,</strong></span> <span class='ocrx_word' id='word_1_917' title='bbox 1442 5806 1482 5859; x_wconf 83' lang='lat'><strong>88.</strong></span> <span class='ocrx_word' id='word_1_918' title='bbox 1495 5757 1653 5870; x_wconf 42' lang='lat' dir='ltr'><strong>&amp;requenter</strong></span> <span class='ocrx_word' id='word_1_919' title='bbox 1661 5756 1870 5871; x_wconf 53' lang='lat' dir='ltr'><strong>oemitffiffi</strong></span> 
     </span>
     <span class='ocr_line' id='line_1_77' title="bbox 253 5899 861 5961; baseline 0.025 -15"><span class='ocrx_word' id='word_1_920' title='bbox 253 5900 290 5960; x_wconf 80' lang='lat' dir='ltr'><strong>(nl</strong></span> <span class='ocrx_word' id='word_1_921' title='bbox 310 5899 448 5952; x_wconf 84' lang='lat' dir='ltr'><strong>lleioeatar</strong></span> <span class='ocrx_word' id='word_1_922' title='bbox 460 5902 540 5955; x_wconf 85' lang='lat' dir='ltr'><strong>lector</strong></span> <span class='ocrx_word' id='word_1_923' title='bbox 550 5904 580 5957; x_wconf 83' lang='lat' dir='ltr'><strong>ad</strong></span> <span class='ocrx_word' id='word_1_924' title='bbox 592 5918 709 5957; x_wconf 73' lang='lat' dir='ltr'><strong>uumerus</strong></span> <span class='ocrx_word' id='word_1_925' title='bbox 718 5909 861 5961; x_wconf 75' lang='lat' dir='ltr'><strong>crassiores.</strong></span> 
     </span>
    </p>
   </div>
   <div class='ocr_carea' id='block_1_11' title="bbox 0 0 2047 6180">
    <p class='ocr_par' dir='ltr' id='par_1_14' title="bbox 0 0 2047 6180">
     <span class='ocr_line' id='line_1_78' title="bbox 0 0 2047 6180; baseline 0 0"><span class='ocrx_word' id='word_1_926' title='bbox 0 0 2047 6180; x_wconf 95' lang='lat' dir='ltr'><strong> </strong></span> 
     </span>
    </p>
   </div>
  </div>
 </body>
</html>
