4059 6184
235 316 301 378 1459

842 314 878 371 bi.
899 311 1042 372 dudelli
1053 261 1257 373 ithSthssRi

1726 296 1729 300 ’
1806 312 1876 369 ttae

232 447 312 506 caput
325 431 532 491 recondiderunt
545 429 571 483 in
598 427 658 484 rico
671 425 805 497 appellato
829 425 939 482 Cosilai.
966 426 1066 488 EratA
1084 424 1201 494 peratori
1224 422 1398 479 vehementer
1413 420 1576 490 insisterent,
1601 420 1731 490 dtceatca,
1751 423 1823 492 nord
1835 433 1878 496 tp·

233 539 305 582 cuttu
322 522 458 594 possessio
470 519 527 589 ipsa
543 515 683 572 Mardonii.
699 517 747 572 llio
762 516 893 587 siquidem
907 527 1029 583 tempore

233 628 279 673 aut
292 618 359 680 lieo,
373 622 419 668 aut
436 612 495 682 ipso
514 611 646 683 propheta
660 619 797 674 preneste,
813 610 839 663 iu
855 611 925 664 hunc
937 612 1026 663 tecam

234 721 320 776 usqne
338 703 497 774 perductum
519 713 573 757 cst.
597 701 717 770 Cumque
741 709 836 771 postca
860 700 1030 755 Theodosius

234 795 442 866 imperatorias
457 794 582 864 baptistae
595 791 677 865 350
697 790 824 863 reliquias
838 792 966 847 so'uisstt
980 808 1030 846 au·

236 889 317 955 terre,
331 886 416 942 solam
436 885 556 940 referunt
576 884 713 940 exstitisse
728 893 877 938 matronam
896 882 1029 950 rirgiuem

236 993 354 1044 sacratu,
371 991 431 1046 oute
446 977 504 1044 ejus
528 975 678 1030 custodiam
694 974 790 1043 capitis
814 973 967 1028 exhibebat.
981 971 1031 1027 Cui

235 1071 299 1128 dum
314 1070 414 1139 saepitts
425 1068 570 1137 imperator
586 1081 639 1121 non
652 1066 794 1130 uiolenter,
809 1065 856 1121 sed
871 1081 931 1119 cunt
945 1067 1028 1136 lat-ry·

236 1163 288 1218 mis
308 1161 472 1230 supplicaret
491 1166 521 1212 ut
536 1172 598 1214 eutn
624 1156 849 1225 permitteretsua
872 1166 933 1210 rota
954 1171 1030 1210 corn·

237 1258 310 1327 plere
323 1255 396 1307 :inec
406 1262 504 1321 potans
516 1250 578 1320 qnia
589 1250 658 1305 sicut
668 1258 790 1319 tempore
806 1248 934 1314 Valentis,
947 1248 1030 1302 etiam

238 1356 300 1401 tunc
314 1359 366 1397 non
384 1350 517 1410 pateretui
547 1339 660 1395 ulterius
676 1339 794 1407 Baptista
810 1339 921 1406 portari,
938 1337 1030 1392 cessit.

237 1438 272 1490 ttt
284 1435 432 1503 imperator
445 1432 610 1501 amplectens
622 1447 669 1486 sua
693 1445 809 1502 purpura
822 1429 926 1484 thecam
940 1431 1032 1499 inqua

237 1538 318 1596 caput
343 1523 606 1594 pertemiscant,
628 1538 743 1592 eamque
768 1529 878 1591 portans
900 1523 982 1587 t'crtit,
1005 1532 1034 1578 ct

238 1628 302 1673 ante
326 1618 461 1673 civitatem
473 1615 801 1685 Corratantinopniitanam
829 1616 980 1670 recondidit
1005 1616 1032 1672 in

239 1707 355 1781 septimo
371 1708 509 1773 milliario,
529 1708 622 1779 ibique
636 1722 760 1778 magnam
775 1715 803 1763 el
820 1707 1032 1777 pulcherrimam

1086 529 1187 571 ranuos
1200 514 1309 585 quidm
1323 513 1446 582 proprios
1456 512 1601 569 debellaret
1612 528 1622 578 ;
1634 514 1682 584 qni
1694 529 1760 570 rem
1772 515 1875 572 Christi

1086 591 1245 662 resisterent
1269 604 1384 675 legibus,
1401 617 1450 659 eos
1462 604 1563 660 sineret
1585 604 1751 674 ituputtitoa;
1776 621 1873 662 mrsus

1084 711 1145 752 euro
1157 710 1283 762 evocans,
1296 694 1409 750 Rontant
1421 694 1493 766 [snm.
1510 705 1535 752 ct
1547 694 1591 750 ed.
1609 694 1655 761 t,
1669 694 1772 768 lineari
1795 698 1878 767 preti·

1084 789 1149 844 cisei
1168 788 1291 859 cogebat.
1307 787 1384 846 Tunc
1398 786 1543 843 Flauianus
1565 788 1782 857 sapientissimus
1794 791 1877 858 digna

1087 880 1184 938 educis
1195 895 1260 937 usus
1269 882 1308 937 ait
1320 880 1474 951 :Siquidem
1484 880 1564 939 tidem
1578 896 1676 947 umam,
1686 895 1704 937 o
1713 881 1875 950 imperaror,

1083 973 1160 1042 quasi
1175 987 1228 1027 nou
1241 980 1342 1027 rectam
1356 980 1483 1027 accusant
1493 971 1613 1041 ottidam,
1632 982 1677 1026 ant
1693 971 1771 1028 ritant
1785 973 1880 1028 dicum

1083 1048 1236 1120 sacerdotio
1251 1077 1304 1118 nen
1315 1076 1375 1119 esse
1389 1060 1509 1130 dignam,
1520 1062 1602 1116 etiam
1616 1062 1691 1132 ipsos
1705 1074 1879 1119 accusatores

1083 1154 1184 1209 irabrre
1207 1154 1312 1222 judices
1340 1167 1393 1208 nott
1417 1153 1515 1216 return.
1540 1168 1690 1223 eorumque
1713 1157 1879 1209 senitentiam

1082 1255 1218 1315 graatttcr
1232 1244 1346 1314 excipio.
1363 1243 1392 1300 S
1404 1259 1468 1298 rere
1482 1243 1517 1299 de
1530 1243 1594 1299 sede
1614 1254 1642 1299 et
1655 1245 1801 1314 praesulatu
1813 1260 1880 1301 cen·

1084 1337 1206 1401 tendunt,
1229 1350 1279 1389 ner.
1294 1335 1378 1406 litigo,
1395 1350 1446 1390 nce
1464 1333 1522 1390 haec
1550 1334 1702 1391 solentibus
1721 1336 1822 1392 hahere
1836 1352 1881 1392 rc·

1083 1426 1154 1481 sulto
1169 1440 1178 1488 3
1193 1426 1240 1480 sed
1256 1428 1383 1491 abscedo,
1400 1434 1427 1480 ct
1442 1430 1487 1481 nie
1502 1426 1537 1481 ah
1559 1427 1718 1495 episcopato
1730 1429 1880 1497 snpcndo.

1083 1514 1216 1585 diligitur
1239 1516 1435 1572 dtrtiochenam
1460 1516 1552 1572 sedern
1578 1517 1729 1587 cuicumpre
1753 1518 1879 1583 colueris,

1085 1607 1339 1677 imperatoribus
1371 1611 1430 1679 eius
1458 1609 1644 1667 tortitudinem
1667 1612 1882 1683 sapientiamque

1085 1699 1199 1755 miratus
1211 1700 1348 1770 prinecps,
1362 1701 1449 1757 redire
1463 1701 1497 1755 ad
1517 1703 1645 1769 patriam,
1660 1710 1688 1756 et
1702 1703 1879 1757 cotttntissatn

237 1800 294 1855 lieo
309 1798 450 1854 aedificarit
469 1799 629 1864 ecclcsiatn3
653 1798 805 1867 crebroque
819 1797 1033 1867 deprecatrtscst
1048 1805 1071 1865 Β
1084 1793 1137 1850 sihi
1158 1809 1252 1864 regere
1280 1794 1407 1865 praecepit
1435 1793 1596 1849 Ecclesiam.
1619 1791 1686 1850 Post
1710 1794 1877 1864 aliquantum

239 1898 407 1956 matronam,
424 1888 602 1959 promisitque
614 1889 683 1943 dtrna
699 1889 850 1958 gratissima
864 1889 887 1946 si
912 1904 975 1944 rece
995 1888 1034 1945 ci·
1086 1896 1192 1956 tempus
1203 1885 1315 1942 Romam
1325 1885 1398 1960 [mss.
1410 1896 1434 1941 et
1447 1887 1488 1941 eti.
1505 1885 1553 1952 i„
1564 1884 1761 1960 uontaiocauo
1768 1891 1880 1944 renisus

238 1979 298 2035 liari
314 1980 405 2034 vellet.
433 1980 487 2034 Nec
499 1993 577 2048 passa
591 1989 644 2045 est,
658 1988 717 2035 erat
737 1980 809 2034 enim
838 1980 1033 2036 blacedouiana
1084 1975 1242 2046 imperator,
1256 1976 1365 2032 easdem
1380 1976 1414 2031 ab
1429 1977 1561 2046 episcopis
1576 1977 1727 2045 patiebatur
1739 1980 1875 2047 quercias,

242 2071 339 2128 heresi
351 2071 458 2139 uiolata,
473 2070 686 2143 licetpresbyter
702 2070 854 2128 Vincentius
865 2083 1035 2130 consectator
1084 2064 1160 2134 ⁴1¹¹asi
1176 2061 1295 2119 F¹²Vl²¹¹¹
1311 2062 1481 2135 llfflssnidssffl
1496 2063 1613 2118 fflbdese
1623 2062 1765 2120 ¹¹⁰¹¹¹l⁸⁸0h
1781 2068 1815 2120 3²
1830 2066 1877 2121 5¹¹⁶

239 2165 319 2233 ejus,
333 2161 527 2231 autumpnae
548 2163 700 2233 separarum
711 2162 848 2233 satianter
864 2165 1034 2234 rorarent,
1085 2157 1202 2224 speram
1215 2154 1366 2249 tyrannidis
1380 2154 1514 2211 serenan
1526 2153 1805 2225 praecepitdicens
1818 2173 1882 2214 esse

242 2261 389 2303 conversus
403 2247 507 2317 inisset,
530 2257 557 2303 et
580 2245 722 2303 catholice
739 2249 960 2308 communicasset
982 2249 1036 2306 Ec·
1087 2247 1253 2303 Flavianum.
1271 2248 1327 2303 illis
1345 2262 1411 2305 rere
1429 2247 1590 2314 dicentibus,
1613 2248 1745 2318 quianon
1772 2258 1883 2318 possent

243 2340 346 2396 etesias,
368 2339 470 2395 Ferunt
497 2339 570 2395 enirn
595 2340 656 2410 quia
681 2341 892 2409 conjurationem
920 2342 1037 2399 habeant
1085 2355 1147 2398 curn
1162 2343 1324 2413 imperatore
1350 2341 1526 2408 contendere,
1542 2343 1646 2397 monuit
1673 2351 1703 2397 ut
1722 2343 1756 2398 de
1779 2354 1881 2401 cetero

244 2432 427 2488 liacedeuiani
447 2445 582 2501 nusquam
598 2447 629 2488 se
642 2447 657 2486 a
669 2446 718 2486 sua
733 2442 806 2488 secta
825 2434 963 2490 recedere.
986 2433 1036 2489 lic·
1089 2433 1216 2489 Ecclesia
1227 2433 1399 2489 concordiam
1418 2431 1560 2500 haherent,
1577 2431 1797 2504 deponerentque
1816 2449 1879 2489 cer·

243 2528 302 2578 rum
318 2522 340 2578 is
354 2523 505 2593 presbyter,
520 2522 584 2577 dom
598 2530 724 2592 ageretur
739 2524 945 2596 demigratione
959 2526 1031 2581 sacri
1087 2529 1191 2588 tannen,
1206 2530 1233 2577 et
1243 2521 1340 2576 stultas
1354 2521 1541 2576 contentiones
1561 2522 1772 2592 exstinguerent.
1793 2522 1884 2578 Paeli-

244 2615 350 2684 rapitis,
366 2615 435 2683 apud
448 2630 478 2671 se
496 2616 627 2682 delinivit,
647 2615 708 2687 quia
732 2617 755 2672 si
778 2629 939 2687 sequeretur
967 2621 1037 2688 ttap·
1088 2628 1150 2677 uus,
1165 2613 1340 2683 inquinatio
1362 2624 1405 2674 est
1419 2621 1542 2669 mortuns
1558 2630 1566 2678 ;
1581 2614 1711 2684 Eragrtnr
1730 2624 1821 2669 cornia
1839 2632 1883 2672 re·

245 2705 308 2758 rtsta
336 2704 577 2773 inpartitum
603 2707 660 2775 tpsa
685 2708 896 2764 communicaret
916 2711 950 2764 at.
978 2711 1038 2776 ouo
1088 2701 1592 2779 gnusortrraaus;0rtenntrrmtcm
1608 2702 1737 2759 sarteas
1753 2707 1884 2772 presuli·

247 2793 330 2860 ircte,
350 2808 495 2851 conuersus
511 2805 563 2852 est.
579 2796 730 2864 Sorores„
749 2797 794 2854 lib.
814 2814 860 2866 stt,
874 2815 933 2871 erp.
948 2798 995 2864 bi,
1008 2817 1038 2872 p.
1090 2805 1145 2851 tum
1157 2795 1177 2850 F
1180 2796 1285 2851 laviano
1298 2796 1460 2867 dricrcntcs,
1473 2806 1501 2852 ct
1510 2798 1584 2862 Asia,
1595 2797 1705 2863 Pontos,
1719 2812 1746 2854 et
1758 2799 1883 2866 Tltracia,

247 2881 311 2937 ist.
1086 2884 1148 2957 clus
1172 2885 1355 2943 communioni
1378 2886 1529 2958 conjuncta
1549 2897 1611 2944 sunt
1624 2904 1633 2945 :
1647 2891 1734 2945 omnis
1761 2890 1884 2962 illyricus

1089 2977 1164 3034 illum
1191 2977 1266 3034 norit
1282 2994 1330 3048 per
1351 2980 1487 3035 Orientem
1511 2982 1645 3051 episcopis
1666 2984 1823 3052 presidere.
1838 2984 1885 3040 llis

525 3041 639 3101 CAPUT
660 3044 752 3100 XMV·
1089 3071 1150 3126 dexi
1171 3070 1362 3125 monitionibus
1382 3071 1520 3140 Hesperiae
1534 3073 1689 3129 sacerdotes
1702 3075 1837 3132 soluturos
1852 3093 1882 3132 se

251 3153 473 3220 Qttcntedraedttnr
487 3153 630 3212 Flauianus
644 3158 831 3213 Antiochenam
853 3161 925 3215 solox
939 3175 1041 3252 recepe
1053 3186 1077 3251 c
1091 3159 1245 3238 inimicitias
1265 3161 1456 3228 pronuborum,
1475 3165 1616 3230 allegatos
1632 3163 1777 3222 mittendos
1792 3168 1833 3244 ab
1850 3185 1884 3224 cn

452 3274 455 3278 ,
526 3229 558 3280 rit
569 3229 755 3300 episcopatum.

281 3309 393 3407 igiturin
403 3337 543 3393 dtrdocltia
552 3338 649 3396 lieletii
658 3339 767 3395 maximi
777 3338 975 3397 comessionem
987 3341 1041 3396 tta-

247 3429 343 3483 rianus
352 3429 467 3498 acecpit,
479 3431 524 3500 qui
537 3446 599 3486 cum
612 3430 729 3487 hedure
749 3431 864 3502 plurima
883 3447 931 3502 pro
945 3434 1041 3489 oribus

247 3521 394 3576 certamina
410 3535 504 3591 passus
514 3530 565 3577 cst.
580 3521 707 3578 Vulnerat
717 3523 931 3579 cuimPaulittos
946 3524 1040 3580 Eccle-

247 3612 295 3667 siae
316 3613 453 3682 suscipere
478 3614 647 3684 presulatum
665 3613 733 3672 :sed
758 3616 915 3685 pontificum
942 3616 1042 3672 restitit

246 3704 355 3770 chorus,
369 3705 462 3762 dicens
477 3722 530 3761 uon
555 3717 683 3777 oportere
696 3722 758 3762 cunt
772 3708 817 3777 qui
838 3707 936 3762 llclrtii
950 3708 1041 3764 conci-

248 3796 312 3852 liutn
329 3813 381 3853 nott
397 3810 547 3869 receperat,
563 3810 623 3869 post
644 3800 717 3855 iilius
728 3810 842 3856 morteto
858 3800 884 3855 in
907 3802 1040 3871 ejusscde

249 3890 398 3946 cotrsiatere
414 3892 481 3955 ;setl
495 3906 555 3947 euru
583 3892 670 3961 potios
682 3893 727 3963 qui
753 3893 875 3959 plurimis
903 3893 1040 3950 laboribus

246 3979 400 4049 effulgebat,
424 3991 452 4035 et
470 3972 521 4050 pro
535 3984 625 4037 orium
639 3996 703 4036 curs
734 3982 850 4052 pericula
865 3985 1038 4039 sustinuerat.

246 4074 303 4131 lioc
318 4075 416 4131 iactum
444 4077 578 4132 hostanos
590 4087 619 4132 et
633 4077 774 4149 AEgyptios
789 4077 853 4132 lecit
867 4078 979 4134 inientes
993 4080 1039 4133 ad·

247 4178 339 4220 uersus
356 4165 516 4222 Orientales.
533 4165 586 4222 Sed
600 4182 685 4237 neque
698 4179 785 4223 rnorte
801 4167 905 4224 Paulini
921 4170 1036 4224 inimiti-

245 4258 290 4312 tire
303 4267 365 4322 sunt
378 4258 531 4314 destructe.
544 4259 610 4315 Nam
622 4270 719 4331 etpost
735 4260 821 4328 illurn,
836 4276 896 4317 eum
910 4264 1038 4334 Evagrius

245 4349 304 4418 ejus
321 4351 482 4421 percepisset
503 4351 606 4422 sedern,
633 4353 807 4423 perstiterunt
822 4354 948 4410 Flaviano
960 4357 1040 4413 rette-

246 4451 349 4498 tucttter
359 4441 469 4508 intensi,
487 4443 550 4500 iicet
564 4445 694 4516 Eragrius
709 4455 810 4515 practer
824 4448 1034 4504 ecelesiasticam

247 4530 366 4601 reguiam
386 4531 466 4587 luerit
479 4533 628 4590 ordinatus.
646 4536 728 4591 Solus
748 4538 820 4591 enim
834 4536 961 4593 Paulinus
974 4553 1037 4594 eom
1053 4572 1077 4631 D

1092 3254 1282 3321 sesttseipcre.
1298 3252 1355 3307 lloc
1366 3267 1515 3322 agnoscens
1526 3258 1884 3326 sacratissinrtrsFariautts,
1981 3301 1986 3310 .

1092 3343 1168 3396 misit
1179 3342 1292 3398 Romam
1308 3344 1383 3417 [mss.
1395 3353 1419 3398 et
1433 3345 1476 3400 cti.
1489 3344 1646 3420 tutona]
1661 3351 1790 3417 quosdam
1807 3352 1885 3407 lause

1091 3434 1186 3504 tiignos
1196 3437 1350 3505 episcopos,
1365 3446 1391 3492 ct
1404 3436 1587 3493 Antiochensi
1604 3444 1750 3511 presbyten
1762 3459 1786 3508 s,
1803 3455 1884 3515 attpte

1091 3516 1233 3590 diaconos,
1249 3526 1347 3596 quibus
1368 3534 1486 3596 praeerat
1499 3530 1612 3583 beatius
1636 3530 1736 3587 Bczoec
1764 3534 1790 3588 in
1810 3537 1884 3590 onnti

1091 3631 1161 3675 terra
1174 3620 1463 3689 pe'agequccantatus.
1479 3620 1503 3674 is
1523 3635 1583 3675 rum
1598 3621 1658 3677 aliis
1680 3622 1789 3679 lionam
1807 3623 1881 3698 [aras.

1091 3721 1114 3770 et
1128 3713 1170 3767 cd.
1184 3710 1234 3778 V.,
1248 3711 1478 3785 littmaeitenicns,
1488 3713 1752 3786 longatuqoesanaus
1762 3721 1816 3775 odii
1825 3738 1885 3790 pas·

1092 3805 1208 3868 sionem.
1227 3813 1287 3873 post
1304 3806 1398 3860 decern
1421 3814 1449 3861 et
1467 3813 1570 3876 septem
1598 3823 1683 3864 nnttos
1702 3809 1828 3867 Ecclestis
1843 3829 1886 3868 rc·

1091 3900 1178 3955 stituit
1193 3916 1296 3969 pareto.
1307 3901 1383 3970 Quod
1395 3915 1574 3974 agnoscentes
1585 3902 1703 3976 AEgyptii
1713 3948 1721 3972 ,
1733 3906 1886 3963 inimicitias

1095 3993 1308 4062 exstinguentes,
1323 3995 1495 4052 concordiam
1509 4006 1572 4052 sunt
1598 4000 1813 4067 conpetitore
1836 4002 1885 4070 igi·

1095 4091 1140 4136 tur
1155 4082 1282 4139 Ecclesiae
1304 4085 1430 4142 bertrame
1459 4086 1640 4154 innocentius,
1665 4105 1806 4145 successor
1820 4092 1886 4147 Ans

1093 4173 1182 4240 stasii,
1198 4175 1368 4243 presidebat,
1383 4176 1425 4230 sir
1435 4177 1575 4245 prudentia
1590 4190 1617 4233 et
1631 4179 1768 4235 intellecto
1789 4184 1883 4237 deren*

1093 4271 1250 4320 ternrnatus
1262 4266 1466 4331 ;hirxandr3nm
1476 4269 1722 4340 rerottreopttttm.
1731 4269 1889 4328 Turonens-

1092 4371 1151 4423 rus,
1164 4358 1209 4411 tit.
1225 4373 1252 4423 v,
1266 4376 1324 4427 rep.
1338 4358 1385 4424 043,
1402 4378 1427 4431 p.
1441 4359 1505 4415 ted.

1376 4510 1489 4568 cordi
1509 4511 1590 4572 xtt.

246 4621 409 4689 instituerat,
426 4623 669 4696 plurimasregulaa
684 4628 875 4696 praevaricatus
896 4629 1052 4683 ecclesias.
1094 4621 1130 4677 bc
1143 4620 1260 4693 Ettpcnto
1285 4635 1404 4694 tprenno,
1419 4636 1443 4680 rt
1465 4626 1682 4691 aucmentandum
1707 4628 1783 4698 socri
1808 4649 1887 4705 strpe-

246 4717 322 4773 ticas.
337 4717 394 4774 Non
410 4719 480 4774 enirn
497 4721 657 4790 praecipiunt
682 4731 711 4777 ut
727 4737 775 4791 pre
789 4737 819 4778 se
839 4724 951 4794 qusstihet
966 4726 1040 4780 ortli·

246 4823 311 4864 nare
327 4808 420 4877 possit,
444 4808 490 4864 scd
505 4825 654 4866 convocare
676 4813 816 4866 ttnirersos
838 4813 982 4881 provincie
997 4828 1041 4868 sa·

245 4901 387 4970 cerdotes,
413 4909 440 4958 et
470 4912 568 4973 prater
595 4916 651 4959 tres
675 4904 815 4973 peutihc'cs
842 4906 1038 4961 ordinationem

247 4994 304 5049 ticri
330 4997 435 5063 penitus
459 4995 631 5051 interdicunt.
650 4996 838 5053 Verumtamen
855 4996 921 5053 nibil
942 4997 1038 5053 horum

245 5087 430 5157 respicientes.
448 5088 554 5157 Evagrii
564 5098 626 5143 stret
640 5089 756 5159 amplexi
768 5091 995 5156 communionem,
1011 5102 1039 5147 et

246 5175 374 5233 adsersus
389 5178 546 5235 Flavianum
560 5178 666 5234 auditus
681 5180 810 5250 principis
821 5189 1036 5237 commoverunt.

246 5266 298 5332 eut
322 5270 477 5340 frequenter
499 5271 641 5340 impulsus,
665 5272 776 5328 deduxit
799 5289 860 5329 curu
885 5273 919 5329 ad
945 5273 1038 5331 urbem

249 5359 516 5430 Constantinopolim,
529 5373 557 5417 ct
569 5363 679 5419 [trunam
692 5364 766 5438 [tnta.
780 5373 805 5420 et
818 5366 860 5421 cd.
877 5365 920 5433 i'.,
934 5365 1038 5440 uena]

246 5449 379 5519 proticisci
393 5454 529 5521 praecepit.
545 5453 629 5509 Porro
643 5454 785 5513 Florianus
795 5458 970 5513 excusatione
982 5456 1039 5513 hie·

248 5542 309 5606 tuis,
325 5551 351 5597 et
366 5542 543 5611 promissione
560 5544 639 5613 lacta,
654 5548 715 5616 quia
739 5556 861 5620 ternpore
887 5558 1039 5621 opportune

248 5643 371 5705 pergeret
382 5634 504 5705 lietnarn,
517 5646 580 5708 tenc
590 5649 764 5698 estrcrcrsos
777 5642 810 5698 ad
820 5643 936 5714 propria.
952 5642 1037 5699 cum-

241 5735 299 5790 tpsc
313 5724 426 5782 honuni
444 5729 662 5798 matthaeeum
683 5732 771 5788 solum
786 5733 923 5810 mirabilis⁸
936 5734 1035 5791 barna·

248 5828 305 5884 sus,
319 5818 366 5875 sed
382 5818 462 5877 etiam
476 5833 538 5895 post
550 5838 612 5882 cunt
627 5823 740 5894 siricius
758 5836 786 5886 et
807 5827 970 5887 Anastasius
978 5828 1034 5887 im·

1371 4732 1375 4739 -
1447 4707 1531 4752 idos.

1128 4804 1182 4860 lies
1207 4806 1298 4875 itaque
1312 4807 1418 4878 publica
1442 4806 1496 4863 lroe
1519 4816 1640 4880 tempure
1663 4825 1713 4879 pro
1733 4812 1888 4883 hujusmodi

1091 4913 1170 4954 cause
1186 4901 1342 4956 lustrabatur
1356 4901 1383 4956 in
1404 4900 1559 4957 Occidentis
1581 4905 1711 4972 partibus.
1727 4906 1890 4962 Grammati-

1091 5004 1139 5045 cus
1152 4991 1259 5060 quidam
1279 4992 1389 5047 nominc
1404 4993 1550 5061 Eugctritts,
1567 4994 1715 5051 litterarum
1732 4996 1888 5053 Latinarum

1098 5084 1202 5148 doctor,
1218 5086 1371 5155 reliurptcns
1384 5085 1489 5141 scholas
1504 5100 1578 5156 suas,
1595 5088 1650 5157 inp
1668 5088 1731 5144 intio
1746 5089 1888 5145 utilitates.

1094 5175 1212 5246 Eratque
1225 5177 1397 5246 imperatoris
1410 5177 1594 5248 antigraphus,
1604 5186 1747 5249 etpropter
1756 5180 1891 5250 olonnen-

1094 5268 1158 5324 tiam
1173 5283 1188 5322 a
1203 5268 1293 5324 inultis
1305 5267 1497 5330 honorabatur.
1509 5267 1585 5323 rnre
1596 5283 1670 5339 ergo,
1685 5277 1715 5324 ut
1726 5271 1819 5333 fertur,
1833 5289 1887 5326 nnn

1093 5362 1266 5418 mediocriter
1290 5361 1422 5432 cogitans,
1446 5368 1650 5429 ceoperatorem
1674 5363 1818 5432 assumpsit
1836 5365 1889 5415 nr·

1093 5456 1233 5528 bogasteo,
1255 5456 1289 5512 dc
1308 5457 1457 5513 minoribus
1481 5456 1682 5516 Gallis‘ortum.
1705 5456 1826 5511 militaris
1840 5471 1888 5510 or·

1091 5550 1165 5605 tiittls
1176 5551 1285 5616 ducent,
1298 5551 1385 5606 sirum
1398 5553 1500 5606 sacrorn
1518 5561 1545 5607 et
1571 5551 1680 5606 treciltus
1698 5560 1886 5620 preparatum.

1091 5644 1150 5713 Qun
1166 5644 1235 5699 laeto
1249 5644 1395 5701 declinarit
1416 5645 1449 5701 nd
1466 5648 1646 5718 tyrattnidcnt.
1662 5646 1746 5715 igitur
1774 5651 1887 5715 uternis

1090 5745 1185 5792 contra
1204 5736 1397 5808 imperatorem
1415 5737 1630 5793 Valentinianum
1642 5751 1735 5792 tteccm
1750 5737 1887 5791 mactrtna-

1091 5827 1200 5901 bantur,
1215 5828 1397 5889 cubicularios
1411 5837 1617 5900 enmumpentes
1630 5828 1780 5886 cutructtcs.
1797 5827 1829 5885 lt
1845 5828 1885 5885 itti
