4059 6184
851 252 886 305 ll.
907 249 1044 305 AUthll
1063 251 1260 305 mussitabit.

1045 374 1066 427 Α
1084 366 1136 438 43
1148 370 1220 421 :inxit
1231 368 1406 438 patrimoniis,
1416 364 1662 430 ornaritmoribus3
1674 374 1702 419 et
1712 373 1777 432 quot
1787 366 1871 419 estitit

520 369 684 426 aristeus
702 370 744 424 l'l.

341 478 453 518 sesiam
480 480 554 517 unors
571 479 648 516 noue
665 477 847 516 rusaconrcns
859 477 922 516 aes.

236 575 327 632 Multis
339 578 457 632 farrdibur
471 588 588 631 senatum
609 576 755 631 llorrtonttrn
769 593 840 647 eque
852 594 883 629 oe
898 575 1031 646 impertu-

271 664 333 701 uum
343 650 453 710 eatoffit,
467 664 541 717 queue
551 649 584 699 ud
597 648 750 718 patriciatus
764 648 917 717 diprritotern
939 663 1017 701 eneae
1027 678 1038 687 -

270 727 323 785 rut,
333 721 483 789 senatuique
493 719 631 788 plurimum
644 718 815 771 commendat.

272 827 384 883 Gratum
400 827 506 897 quidem
526 828 605 882 nobis
615 835 667 895 est,
680 826 773 881 Patres
787 826 950 896 conscripti,
972 841 1032 897 per·

236 933 318 977 sonas
333 934 416 974 novas
428 919 461 974 ad
476 919 610 975 bonorum
625 920 697 974 celsa
712 919 863 989 producere
874 920 1032 993 [mrs.,per-

238 1007 358 1080 dacerel.
370 1008 490 1065 Delectat
505 1011 638 1081 peregrini
651 1010 782 1080 germinis
796 1010 869 1066 viros
881 1012 985 1080 gremio
999 1011 1031 1065 li·

238 1100 352 1154 bertatis
366 1099 496 1162 inserere,
515 1101 641 1155 atraciis
666 1100 819 1155 frondescat
840 1111 951 1156 senatus
968 1101 1030 1156 aula

238 1191 390 1244 virtutibus.
405 1189 489 1247 Ornat
502 1192 574 1245 enim
589 1192 649 1245 talis
660 1192 803 1247 multitudo
817 1203 991 1260 conventum,
1003 1201 1032 1246 et

239 1282 327 1334 laetam
344 1281 432 1336 reddit
458 1281 553 1336 faeiem
569 1284 704 1352 publicam
720 1284 852 1337 borrorata
868 1283 1029 1352 frequentia.

239 1372 293 1425 Sed
305 1363 480 1428 multo'nobis
493 1375 623 1443 probatur
636 1377 782 1444 acceptius,
799 1376 904 1443 quoties
916 1375 1031 1443 dignita-

241 1469 312 1522 tibus
322 1470 465 1533 reddimus,
475 1470 520 1539 qui
532 1471 564 1526 de
575 1472 631 1540 ipsa
643 1486 692 1525 eur
701 1486 724 1524 ac
739 1471 862 1525 claritate
875 1484 1030 1536 nascuntur,

241 1560 302 1628 quia
317 1574 370 1613 non
385 1575 448 1615 srrnt
463 1561 496 1615 de
508 1562 583 1615 robis
598 1562 723 1615 exaraina
737 1570 828 1615 nostra
843 1561 955 1616 sollicita
966 1561 1030 1616 dum

242 1648 414 1718 prejudicato
429 1650 497 1703 bon·
514 1649 710 1716 transfunditis,
722 1651 768 1718 qui
789 1649 883 1704 merita
897 1665 958 1704 cum
971 1650 1031 1705 luce

241 1741 385 1808 ''mtatis‘
401 1741 483 1809 ⁰⁸3⁰
499 1742 556 1810 ipsa
569 1741 624 1811 jam
639 1741 724 1809 g'mia
739 1751 791 1807 θεῖ’
817 1741 875 1796 ¹³⁰⁵
899 1741 1032 1796 ”mmm
1050 1756 1070 1810 Β
1083 1795 1210 1835 tenuante
1223 1795 1286 1834 vrno
1300 1795 1466 1841 venenantur,
1483 1797 1605 1837 anteana
1618 1797 1780 1838 saeontrtao
1790 1800 1876 1839 rnen·

243 1835 426 1889 connascitur.
437 1834 510 1889 idem
522 1836 598 1890 robis
609 1844 650 1889 est
660 1835 797 1903 dignitatis
806 1833 877 1904 quod
888 1835 950 1888 ritae
964 1836 1034 1903 prin·

242 1926 351 1995 cipium.
363 1925 480 1981 Senatus
500 1926 573 1980 enim
586 1927 675 1981 bonor
688 1926 870 1996 amplissimus
892 1924 1033 1981 nobiseum

243 2018 369 2085 gignitur,
385 2016 419 2070 ad
434 2031 513 2087 quem
534 2017 580 2070 vis
594 2016 707 2071 maturis
732 2016 855 2071 auribus
867 2015 1032 2087 pervenitur.

244 2108 306 2163 flac
321 2108 384 2164 lieet
395 2107 429 2162 de
443 2108 521 2163 robis
533 2107 659 2163 omnibus
673 2108 807 2162 veraciter
818 2105 978 2176 judicemus
1005 2112 1035 2160 ιιι

244 2200 347 2255 ordinis
357 2200 464 2270 gcpium
477 2199 673 2269 complectatur
685 2201 773 2268 gratia
796 2209 962 2262 senatorum,
977 2215 1035 2254 nra-

245 2291 316 2345 xime
326 2290 480 2345 serenitatis
493 2298 591 2346 nostrae
603 2289 748 2345 luminibus
763 2288 905 2344 Deciorum
927 2288 1036 2357 sangnis

244 2383 374 2438 irradiat:
391 2384 436 2453 qui
447 2392 488 2439 tot
501 2383 577 2438 annis
587 2384 721 2440 continuis
731 2385 809 2439 simul
824 2385 947 2456 splendet
956 2386 1034 2441 clari-

245 2484 301 2529 tate
312 2476 436 2541 virtutis;
449 2485 478 2531 et
491 2477 613 2546 quamvis
623 2492 685 2532 rara
699 2478 837 2546 sitglaria,
853 2495 905 2533 non
919 2478 1038 2546 agnosci·

246 2565 326 2620 turin
341 2574 395 2618 tam
409 2565 489 2633 longo
503 2573 563 2620 sten
575 2575 647 2621 mate
658 2567 772 2622 variata.
787 2568 899 2623 Suculis
909 2570 965 2623 suis
978 2585 1038 2639 pra

245 2656 318 2711 ducit
332 2656 429 2710 nobilis
443 2671 511 2709 verra
527 2656 669 2725 primarios
684 2657 789 2712 :nescit
799 2656 862 2712 inde
876 2658 976 2728 aliquid
988 2674 1038 2712 na·

245 2745 284 2800 sci
299 2744 444 2810 mediocre,
458 2752 497 2799 tot
509 2745 615 2814 probati
636 2755 701 2815 quot
714 2747 812 2816 geniti;
825 2756 862 2811 et,
879 2748 951 2817 quod
966 2747 1036 2803 dilli-

246 2834 297 2889 eile
309 2834 444 2903 provenit,
459 2834 545 2889 electa
567 2834 727 2904 frequentia.
743 2835 782 2891 En
797 2838 911 2907 pullulat
924 2855 957 2894 ex
983 2855 1037 2896 uno

246 2924 574 3003 germinequadrifarium
588 2926 682 2994 decus,
703 2928 791 2983 bonor
818 2930 926 2994 cirinm,
952 2931 1037 2999 gloria

246 3016 364 3085 generis,
378 3025 553 3085 augmentum
565 3026 690 3081 senatus;
706 3019 752 3088 qai
773 3022 896 3090 quamvis
920 3021 1039 3091 fulgeant

1818 247 1870 301 trab

1082 457 1189 512 faenilia
1201 459 1324 527 farcires,
1340 466 1380 512 tot
1405 457 1518 512 reddidit
1532 455 1614 512 curia
1627 456 1793 511 consulares.
1810 455 1872 512 bne

1083 547 1164 617 igitur
1190 551 1303 603 rimator
1328 562 1432 602 tuorum
1457 555 1550 603 noster
1570 562 1666 603 sensas
1685 545 1812 617 inspexit,
1825 548 1870 616 qni

1081 644 1163 700 etiam
1178 644 1278 699 bonum
1301 643 1456 699 domesticae
1469 644 1575 699 virtutis
1596 643 1732 714 inquirit:
1749 653 1779 700 ιιι
1801 645 1872 700 inter

1082 734 1185 806 privata
1200 734 1313 788 laudatis
1334 734 1442 805 publiea
1461 733 1560 789 debeat
1582 743 1741 790 ornamenta
1766 735 1870 803 largiri.

1082 825 1170 893 Atque
1180 824 1251 889 ideo,
1267 823 1297 879 P.
1312 823 1354 890 C,
1367 824 1464 880 illustri
1479 834 1507 878 et
1518 825 1660 892 magnifico
1669 825 1725 881 rire
1737 825 1873 896 Importu-

1082 930 1118 969 no
1131 914 1289 984 patriciatus
1313 914 1419 969 eulmen
1434 913 1601 983 indulsimus,
1623 924 1653 970 ut
1675 924 1765 971 vester
1785 925 1873 972 cretus

1081 1006 1154 1060 sicut
1175 1006 1288 1076 pullulat
1307 1016 1380 1062 sorte
1394 1005 1531 1073 nascendi,
1548 1009 1583 1061 ita
1606 1015 1633 1061 et
1651 1006 1766 1063 fascibus
1787 1009 1874 1078 possit

1082 1095 1183 1165 augeri.
1205 1095 1354 1167 lrrrpendite
1367 1097 1473 1168 parenti
1487 1097 1610 1166 gratiam,
1626 1098 1741 1153 adunate
1762 1110 1873 1155 senten-

1083 1188 1257 1240 tias2restra
1272 1196 1314 1241 est
1338 1187 1452 1252 indoles,
1478 1199 1557 1256 quam
1581 1189 1734 1260 probamus.
1763 1187 1874 1247 Habetis

1082 1290 1157 1336 certe
1167 1281 1239 1350 quod
1255 1281 1330 1336 robis
1345 1283 1482 1350 ingeniosa
1499 1282 1577 1336 laude
1592 1281 1725 1345 tribuatis,
1741 1282 1765 1337 si
1780 1297 1873 1338 amore

1084 1373 1310 1427 necessitudinum
1322 1373 1458 1442 publicum
1486 1372 1589 1427 faciatis
1612 1387 1672 1427 esse
1683 1371 1824 1441 judicium
1846 1382 1875 1430 et

1082 1463 1154 1533 quod
1168 1478 1217 1533 pro
1233 1471 1334 1517 naturae
1347 1463 1479 1518 charitate
1489 1462 1658 1532 dependitur,
1674 1462 1802 1517 collatum
1825 1480 1877 1520 no·

1083 1552 1146 1607 stris
1157 1551 1324 1621 jussionibus
1342 1552 1498 1607 aestimetur.

1364 1661 1594 1743 urrsromru.

1385 1865 1496 1904 bontcbs
1510 1867 1573 1905 ltux.

1084 1938 1160 1994 faiel
1179 1948 1206 1993 ut
1220 1939 1349 2009 percolunt
1361 1938 1458 1994 foenui
1477 1941 1586 2009 pretium
1599 1943 1735 2012 sexaginta
1756 1958 1876 1997 erearum

1120 2011 1179 2075 olei,
1189 2026 1253 2082 qaas
1267 2009 1302 2062 od
1311 2010 1442 2076 implenda
1455 2011 1595 2065 luminaria
1609 2010 1641 2066 ab
1655 2028 1684 2066 eo
1696 2021 1839 2082 occeperat.

1120 2100 1219 2156 Oruaes
1232 2100 1340 2170 quidem
1353 2100 1485 2169 justitiam
1500 2102 1591 2156 colere
1604 2111 1632 2157 et
1646 2103 1792 2158 observare
1807 2118 1877 2173 prse-

1085 2196 1210 2266 cipimus,
1234 2193 1281 2248 sed
1296 2207 1343 2247 eos
1357 2192 1475 2246 maxime
1488 2191 1534 2260 qui
1548 2190 1645 2246 divinis
1658 2191 1808 2248 bonoribus
1821 2195 1878 2249 eri·

1085 2292 1200 2353 gamon
1213 2291 1242 2336 ut
1252 2295 1375 2352 superna.
1387 2283 1479 2348 gratiae
1494 2277 1560 2333 bant
1574 2278 1700 2348 proximi,
1716 2279 1779 2334 dum
1792 2296 1808 2335 a
1823 2289 1880 2336 ter-

1086 2392 1152 2432 rena
1173 2375 1273 2431 luerint
1297 2374 1444 2444 cupiditate
1468 2373 1617 2443 longinqui.
1646 2372 1764 2431 ioannes
1786 2375 1879 2444 itaque

1086 2467 1168 2523 flebili
1180 2481 1229 2521 nos
1241 2464 1402 2533 allegatione
1419 2461 1549 2532 pulsarit,
1574 2464 1744 2518 sanctitatem
1760 2473 1880 2518 vestram

1087 2573 1102 2613 a
1117 2573 1146 2626 sp
1160 2555 1299 2626 sexaginta
1310 2567 1387 2608 orcas
1400 2552 1454 2607 olei
1468 2550 1501 2605 ad
1517 2550 1651 2621 implenda
1665 2551 1806 2607 luminaria
1817 2568 1880 2608 sns-

1086 2648 1212 2719 cepisse:
1228 2659 1340 2715 quarum
1356 2644 1471 2713 pretium
1486 2643 1537 2698 sibi
1561 2629 1679 2713 postulat
1692 2651 1820 2714 oportere
1832 2659 1881 2699 re·

1087 2738 1172 2793 stitni.
1189 2735 1294 2790 Renum
1308 2734 1416 2802 quidem
1431 2744 1543 2795 votum,
1564 2733 1587 2788 si
1602 2742 1691 2788 tamen
1707 2749 1763 2789 non
1777 2735 1813 2789 ibi
1829 2735 1883 2789 ali·

1087 2827 1150 2898 quid
1165 2828 1309 2882 misceatur
1323 2824 1475 2879 adversam.
1492 2823 1559 2878 Nam
1581 2824 1645 2880 licet
1664 2825 1764 2896 ubique
1783 2825 1887 2882 deceat

1085 2918 1216 2989 justitiam
1228 2916 1368 2983 custodiri,
1384 2916 1411 2970 in
1431 2914 1483 2970 illis
1502 2915 1583 2969 rebus
1596 2914 1714 2970 ararime
1727 2917 1888 2972 necessaria

1088 3016 1131 3064 est
1162 3022 1214 3078 quaa
1236 3007 1334 3062 divinis
1355 3006 1494 3063 obtutibus
1515 3005 1666 3061 offeruntur
1682 3023 1688 3059 ι
1704 3021 1739 3062 ne
1756 3015 1888 3077 putemus

247 3108 438 3163 caramanione
449 3109 745 3177 meritoruminrenies
759 3118 847 3166 tamar
858 3128 937 3182 quern
951 3114 1039 3183 possis
1052 3112 1075 3174 C
1090 3099 1214 3167 iiflffllle
1229 3096 1324 3163 Deum,
1350 3096 1421 3151 unde
1436 3096 1562 3166 ”milliar
1588 3097 1611 3153 δί
1625 3094 1753 3152 slaudsslls
1766 3097 1890 3154 Obhlitl·

249 3196 359 3254 laudare
370 3197 403 3254 de
418 3199 545 3268 propriis.
560 3198 695 3270 Respieite
704 3203 910 3273 certejurcaem
922 3220 971 3275 per
984 3202 1040 3260 for·

248 3306 299 3345 me
312 3292 425 3361 gratiam
450 3293 547 3346 mentis
571 3293 768 3362 pulchritudine
793 3295 853 3365 plus
876 3297 1037 3366 placentem.

249 3380 341 3435 llefert
351 3379 419 3436 faeie
432 3382 570 3450 sanguinis
583 3383 675 3450 decus,
690 3385 813 3454 proditur
835 3388 917 3441 animi
944 3397 1040 3443 natura

251 3486 301 3540 per
318 3471 437 3537 vultum,
463 3481 490 3526 et
512 3473 658 3529 serenitate
678 3476 799 3544 corporis
820 3477 909 3531 nubila
932 3493 1040 3547 quoque

249 3563 348 3618 ruentis
362 3563 500 3632 abstergit.
510 3564 609 3619 Verum
622 3565 680 3621 haec
692 3574 795 3621 naturae
808 3568 879 3621 bona
890 3567 1040 3623 litterarum

250 3649 387 3707 decorarit
408 3653 556 3723 insignibus
571 3672 581 3709 .-
598 3663 627 3709 ut
638 3665 703 3722 pote
727 3656 916 3724 magistrarum
942 3658 1041 3712 artium

250 3740 364 3800 detersis
374 3745 471 3798 mentis
487 3743 669 3813 penetralibus
684 3742 942 3813 plasmandam
966 3747 1041 3801 libris

250 3841 372 3888 veteram
387 3832 484 3888 Decios
498 3833 623 3902 cognorit
640 3834 776 3902 antiquos,
793 3835 965 3904 nobilemque
976 3852 1041 3907 pro·

251 3925 356 3993 geniem
370 3924 492 3993 gloriose
506 3924 601 3979 mortis
622 3922 753 3979 beneflcio
772 3924 916 3979 viverrtem.
932 3925 1042 3983 Felieis-

251 4015 336 4070 sinnas
349 4013 473 4084 profecto
487 4014 635 4068 studiorum
650 4012 736 4076 labor,
752 4014 795 4068 cui
814 4015 962 4084 priscormn
979 4032 1042 4071 rar·

251 4121 312 4161 men
327 4105 439 4175 contigit
460 4104 564 4160 discere
585 4121 632 4175 per
647 4115 781 4175 parentes,
796 4115 824 4161 et
837 4105 871 4161 de
881 4108 951 4162 avita
962 4109 1042 4165 laude

251 4196 397 4268 primordia
408 4196 618 4265 teneripcctoris
628 4196 745 4251 crudire.
760 4194 836 4252 bibet
850 4196 951 4254 referre
960 4214 1041 4268 quam

251 4304 348 4359 magno
361 4299 423 4344 tunc
434 4288 589 4358 spectaculo
602 4289 685 4343 totius
698 4289 799 4344 sebolrc
810 4289 836 4344 in
851 4306 913 4346 enm
925 4306 1041 4347 conver-

252 4381 358 4437 tebatur
370 4387 514 4451 aspectns;
530 4395 620 4451 quem,
636 4396 697 4436 cum
717 4381 824 4436 audiret
833 4390 982 4451 parentem,
996 4385 1041 4438 illa

1089 3189 1168 3244 nibus
1183 3187 1348 3256 acquiescat.
1374 3184 1408 3239 Et
1430 3185 1504 3251 ideo,
1525 3186 1549 3240 si
1572 3199 1664 3240 veram
1686 3186 1889 3256 querimoniam

1090 3277 1890 3350 copruscitissupplicantis,considerationejmtitiae,quam

1091 3379 1184 3427 sancta
1198 3371 1255 3439 lege
1265 3369 1428 3440 praedicatis,
1440 3370 1520 3425 facite
1530 3384 1590 3439 quse
1599 3369 1671 3439 juste
1685 3369 1818 3425 debentur
1827 3371 1892 3426 siae

1092 3461 1219 3516 tantitate
1233 3461 1339 3515 restitui
1352 3477 1360 3525 ;
1380 3469 1512 3529 quatenus
1523 3461 1612 3516 nullus
1625 3460 1795 3529 ingemiscat,
1811 3461 1891 3517 illata

1093 3553 1143 3608 sibi
1157 3567 1206 3623 per
1217 3567 1266 3607 res
1279 3551 1361 3607 fiisse
1376 3550 1525 3620 dispendia,
1547 3566 1616 3621 quos
1628 3550 1703 3606 decet
1715 3552 1805 3621 potius
1818 3566 1892 3622 prae·

1092 3654 1165 3700 stare
1175 3643 1323 3713 iuvamina.
1338 3640 1509 3713 Quapropter
1519 3641 1626 3697 studete
1640 3649 1680 3709 nt,
1690 3641 1736 3709 qui
1746 3656 1802 3697 non
1816 3642 1890 3698 sele

1094 3734 1129 3790 tis
1142 3749 1192 3804 pro
1205 3733 1309 3802 magnis
1323 3733 1404 3788 rebus
1417 3732 1558 3798 excedere,
1575 3748 1630 3788 non
1643 3731 1785 3787 rideamini
1800 3733 1893 3804 (qaod

1094 3824 1175 3880 absitl
1188 3825 1213 3878 in
1226 3823 1360 3893 paruitate
1371 3838 1493 3894 peccare.

1364 3956 1527 4011 bristout
1542 3956 1607 4012 illl.

1095 4059 1229 4100 venabulo
1239 4060 1301 4099 vttttl
1313 4059 1453 4108 sentabat,
1465 4060 1630 4100 connectent
1643 4062 1762 4102 Lucaniae
1774 4062 1810 4101 Εῐ
1828 4055 1890 4094 W·

1299 4131 1408 4178 blondel,
1425 4130 1605 4170 rbeottbmctts
1617 4132 1681 4170 REX.

1095 4209 1184 4266 Horret
1203 4219 1231 4264 ut
1254 4219 1368 4278 tempero
1391 4209 1531 4262 constitute
1558 4208 1701 4262 cerretionis
1720 4207 1842 4265 binorum
1868 4220 1894 4265 et

1257 4289 1389 4334 ternorum
1402 4278 1440 4332 iffi
1454 4276 1579 4349 delepotee
1589 4279 1726 4349 complent.

1129 4391 1242 4448 iustitiae
1264 4391 1334 4446 ratio
1356 4390 1499 4462 persuadet
1518 4391 1553 4446 ab
1566 4405 1729 4462 unoquoque
1743 4391 1896 4462 postulari,

251 4486 315 4527 mox
325 4471 478 4527 intendebat
491 4471 623 4526 haeredem
634 4487 771 4540 quaerens;
787 4481 817 4528 ut
830 4489 889 4544 qnae
902 4486 1040 4531 auctorem
1061 4501 1083 4558 p)
1096 4483 1168 4554 quod
1180 4482 1204 4537 ei
1219 4489 1326 4537 constat
1336 4481 1449 4551 injungi,
1464 4493 1492 4537 et
1503 4482 1632 4551 pecunias
1646 4482 1768 4552 publicas
1782 4483 1894 4539 instau-

251 4569 414 4630 cognoverat
425 4562 525 4628 dicere,
539 4578 587 4632 per
598 4562 677 4632 bajus
690 4573 782 4634 posset
795 4564 982 4622 similitudines
995 4581 1044 4637 ap-

251 4652 376 4724 probare.
391 4650 458 4705 Nam
470 4652 540 4708 sicut
551 4643 657 4720 fidigna
671 4653 815 4723 posteritas
827 4652 921 4709 laudes
939 4657 1043 4724 antiqui

249 4742 356 4813 generis
366 4740 490 4810 abnegat,
506 4741 542 4794 ita
556 4742 684 4810 praeclara
696 4742 731 4796 de
743 4743 865 4813 patribus
886 4745 993 4813 egregie
1003 4745 1043 4799 di·

250 4845 293 4891 cta
305 4833 372 4908 [ulii
395 4828 477 4903 dona]
491 4831 643 4887 confremat.
658 4832 796 4889 Creditum
811 4835 895 4891 estde
909 4834 951 4890 bis
961 4852 1042 4893 omne

249 4927 320 4999 qnod
330 4926 436 4995 legitur,
452 4925 515 4980 dam
538 4925 670 4993 precenta
686 4933 806 4980 veterum
819 4940 938 4995 praesens
948 4925 1041 4982 docuit

249 5032 317 5074 rena
328 5017 455 5070 virtutum
471 5015 509 5084 (in
524 5012 649 5069 auditorii
662 5011 768 5069 oflicina
779 5015 947 5083 ingeniorum
961 5016 1040 5074 flam-

249 5123 292 5163 ma
305 5106 461 5176 recalente).
474 5104 522 5159 llis
534 5103 642 5173 quidem
655 5105 822 5161 formabatur
835 5107 976 5178 exemplis,
992 5108 1041 5165 sed

248 5196 403 5253 domesticis
412 5195 515 5250 felicius
526 5193 725 5263 producebatur
740 5196 869 5267 imperiis.
895 5196 1040 5254 Subtracto

249 5287 320 5341 enirn
335 5285 431 5340 solatio
446 5283 573 5353 inariralt,
592 5300 661 5340 onus
674 5285 784 5356 regendi
811 5295 897 5342 enata
922 5288 1040 5357 gloriosa

249 5377 385 5448 suscepit:
399 5391 479 5447 qnam
491 5392 540 5431 nee
553 5375 641 5447 ampla
655 5377 808 5446 patrimonii
828 5394 902 5445 crura,
925 5394 975 5435 nee
999 5389 1041 5435 ιοι

250 5468 364 5523 liliorum
379 5469 466 5538 potuit
481 5470 589 5523 turbare
608 5467 741 5522 custodia.
763 5467 837 5523 alan
852 5468 1035 5538 nutrimentis,

290 5664 360 5718 ·.lls.
389 5666 471 5728 buu,
496 5674 523 5719 ut
548 5677 607 5734 pete
628 5683 781 5738 adquorum
807 5673 1036 5739 trtiumdirertur,

251 5739 342 5788 neritis
355 5737 529 5805 penetratione
543 5738 599 5798 etus
613 5739 733 5806 placeret.

1096 4585 1137 4631 ter
1151 4588 1288 4645 quarere,
1314 4590 1349 4628 ne
1363 4573 1512 4630 debitorem
1535 4575 1674 4643 neglectus
1687 4574 1784 4630 debeat
1799 4574 1894 4644 ingra-

1094 4683 1168 4723 vare.
1185 4667 1251 4722 Nam
1265 4668 1289 4722 si
1300 4667 1422 4722 remissio
1435 4666 1461 4721 in
1472 4665 1808 4735 admonitionibasreniat,
1823 4683 1892 4723 eurr·

1095 4765 1154 4813 ctos
1167 4772 1278 4813 necesse
1289 4766 1330 4812 est
1344 4764 1373 4811 ut
1387 4765 1556 4826 corumptus
1567 4756 1696 4812 involvat.
1709 4756 1742 4810 Ει
1755 4759 1898 4826 quodam-

1095 4849 1176 4905 modo
1189 4849 1307 4904 nascitur
1319 4848 1352 4903 de
1367 4849 1468 4918 pietate
1482 4848 1637 4917 crudelitas,
1650 4847 1672 4904 si
1682 4863 1763 4918 quern
1774 4852 1896 4920 negligis

1095 4939 1255 5007 admouere,
1281 4948 1376 5011 postea
1390 4940 1496 5008 cogaris
1510 4939 1627 5008 exigere.
1654 4938 1733 4994 Utilis
1757 4949 1800 4996 est
1824 4956 1896 5010 ergo

1094 5046 1158 5086 eura
1170 5030 1332 5101 praedicere,
1351 5031 1459 5100 quando
1474 5040 1502 5086 et
1515 5032 1623 5088 occasio
1636 5033 1805 5089 subtrabitur
1818 5035 1894 5092 dcli-

1094 5121 1160 5186 ctis,
1175 5130 1203 5176 et
1222 5122 1297 5177 locus
1310 5137 1364 5177 nou
1378 5120 1457 5177 datur
1468 5122 1576 5178 illicitis.
1591 5121 1761 5194 Quapropter
1775 5125 1895 5181 illustria

1094 5210 1143 5265 riri
1157 5210 1264 5267 comitis
1280 5225 1417 5266 sacrarum
1441 5211 1611 5281 largitionum
1625 5215 1799 5283 suggestione
1812 5232 1896 5272 com·

1093 5301 1221 5369 perimus,
1246 5301 1348 5371 pridem
1374 5302 1432 5369 tibi,
1455 5303 1603 5358 secundum
1627 5321 1730 5360 rnorem
1755 5316 1893 5376 veterem,

1094 5391 1262 5446 exactionem
1273 5391 1395 5447 binorum
1406 5402 1434 5447 et
1446 5402 1583 5450 ternorum
1597 5393 1611 5433 ¹³
1626 5391 1708 5452 fuisse
1721 5395 1895 5467 delegatum.

1095 5478 1171 5536 Unde
1184 5488 1211 5535 te
1225 5480 1401 5550 praesentibus
1415 5496 1618 5539 commonemus
1639 5482 1781 5548 affatibus,
1796 5496 1829 5540 ut
1844 5503 1900 5544 sc-

1094 5741 1113 5798 Γ
1129 5669 1143 5711 b
1158 5671 1287 5732 Diuorum
1298 5685 1326 5734 et
1337 5684 1474 5733 ternorum
1484 5679 1544 5735 ride
1556 5680 1623 5735 infra
1635 5679 1681 5735 tib.
1691 5695 1736 5754 ru,
1749 5683 1832 5738 form.
1847 5678 1900 5734 ab.

1114 5758 1176 5800 erra.
